2760 4876
307 238 349 293 De
367 237 536 294 Graecorum
553 238 763 308 precationibus
781 239 967 308 quaestiones.
1161 240 1226 304 529

21 406 23 417 “
128 407 228 466 Electra
254 410 433 467 sententiam
460 409 564 467 fratris
592 409 727 484 sequitur
753 403 842 479 κάγὼ
874 403 954 481 χοάς
986 424 1034 467 ςοι
1067 407 1123 481 τῆς
1155 404 1231 481 ἐμῆς

23 493 25 503 ⁴
126 492 301 570 παγκληρίας
330 491 408 556 οίςω
436 496 598 576 πατρῴων
627 493 662 557 ἐκ
688 494 799 570 δόμων
826 492 1170 570 mammotrectus
1197 495 1234 556 δὲ

127 583 238 658 πρῶτον
261 581 358 644 τόνδε
381 582 564 660 πρεςβεύςω
587 579 733 665 rhoesi)
771 586 857 644 Eum.
878 587 941 644 289
961 585 1080 644 Orestes
1098 587 1234 644 Athenae

26 688 27 692 ¹
126 675 296 748 pronuntiat:
319 670 462 746 κτήςεται
486 670 514 733 δ’
539 669 617 734 ἄνευ
640 672 738 748 δορός
762 671 863 735 αὐτόν
886 690 921 733 τε
945 672 996 733 καὶ
1019 674 1080 747 γῆν
1103 671 1234 733 καὶτὸν

13 758 26 795 r
125 757 251 836 Ἀργείον
270 759 356 821 λεὼν
374 759 486 822 πιςτόν
504 761 633 823 δικαίως
652 760 685 823 ἐς
703 761 742 823 τὸ
761 763 827 822 πᾶν
846 780 881 823 τε
900 760 1072 836 ςιίμμαχον.
1100 763 1234 821 Eandem

13 845 22 882 '³'
123 850 284 909 sententiam
310 850 456 927 praebent
479 851 570 911 verba
598 853 742 911 Eteoclis:
770 853 909 929 Aeschyl
930 852 1010 929 Sept.
1032 854 1073 910 76
1102 848 1181 911 ξυνὰ
1204 847 1233 910 δ)

13 935 15 970 ²
60 984 69 1007 .
123 933 224 1001 ἐλπίζω
247 936 361 1009 λέγειν.
385 937 479 999 πόλις
501 938 563 1015 γὰρ
587 937 623 1000 εὗ
642 938 823 1015 πρόςςουςα
846 938 1001 1014 δαίμονας
1019 937 1077 1000 τίει
1096 961 1123 999 v.
1143 940 1234 999 schol

121 1027 431 1102 ιιίίι.1.κοινωφελῆ
455 1027 506 1088 καί
530 1026 604 1102 ὑμῖν
627 1028 746 1103 νομίζω
770 1027 884 1101 λέγειν.
922 1029 1012 1106 Soph
1031 1030 1077 1087 El.
1099 1031 1183 1088 1382
1204 1050 1231 1088 s.

119 1135 194 1192 supra
211 1138 240 1194 p.
260 1119 324 1175 526
344 1120 406 1176 not.
422 1120 441 1175 4
458 1151 499 1159 -
516 1120 580 1177 455
601 1166 607 1175 .
627 1166 633 1177 .
653 1165 660 1177 .
679 1116 830 1192 Ὀρέςτην
855 1166 861 1177 .
882 1166 888 1177 .
909 1166 915 1177 .
939 1114 1032 1179 Ζῶντ’
1056 1115 1230 1192 ἐπεμβῆναι

119 1202 188 1277 ποδὶ,
211 1200 302 1265 ὅπως
322 1202 361 1265 τό
380 1203 497 1265 λοιπὸν
516 1204 616 1267 αὐτὸν
635 1201 780 1288 (patrem)
799 1204 1021 1282 ἀφνεωτέραις
1039 1205 1145 1281 χερςὶν
1164 1204 1231 1267 ςτέ-

118 1309 218 1369 φωμεν
240 1291 260 1368 ἢ
284 1293 385 1354 τανίιν
408 1291 607 1369 δωρούμεθα.
643 1296 689 1355 Cf.
707 1297 810 1373 Eurip.
829 1295 923 1356 Orest
946 1299 1023 1370 123,
1046 1296 1098 1354 ubi
1116 1296 1232 1354 Helena

116 1399 141 1441 se
160 1384 252 1442 sorori
270 1382 530 1459 Klytaemnestrae
549 1390 687 1444 vohrram
706 1405 770 1444 esse
788 1405 841 1461 per
859 1385 1042 1443 Hermionen
1060 1385 1232 1461 pollicetur:

116 1465 219 1532 ἅπανθ’
248 1468 403 1545 ὑπιςχνοῦ
435 1471 596 1546 νερτέρων
624 1471 805 1547 δωρήματα.
842 1473 1124 1548 lph'l'aur.1087
1152 1473 1232 1549 Iphi·

114 1563 191 1636 genia
208 1561 390 1637 precationis
408 1563 472 1619 vim
490 1565 581 1639 auget
603 1562 649 1620 his
668 1561 779 1621 verbis:
802 1559 853 1621 καὶ
876 1558 938 1635 γὰρ
962 1558 1069 1620 ἐνθάδ’
1093 1559 1134 1622 οὐ
1157 1559 1233 1636 πρέ-

111 1663 157 1708 πει
182 1645 297 1720 ναίειν,
331 1646 437 1723 παρόν
465 1666 513 1709 ςοι
545 1648 641 1710 πόλιν
671 1647 756 1724 ἔχειν
784 1646 967 1723 εὐδαίμονα.
1004 1652 1096 1726 Apud
1118 1651 1234 1709 Aristo

110 1736 230 1812 phanem
247 1742 320 1798 vota
338 1739 392 1797 illa
408 1739 578 1798 illuduntur
601 1741 680 1798 hunc
703 1741 734 1797 iu
752 1740 886 1798 modum:
906 1758 985 1814 resp.
1006 1741 1084 1798 394:
1107 1736 1166 1799 κού
1190 1736 1231 1812 μή

11 1818 13 1825 ’
108 1824 183 1886 ποτέ
197 1842 255 1887 coo
269 1823 357 1901 παρὰ
371 1824 429 1886 τὰς
443 1824 562 1887 κάννας
574 1825 700 1901 οὐρήςω
716 1824 785 1901 μηδ’
800 1824 992 1902 ἀποπάρδω.
1011 1846 1075 1903 pac.
1088 1829 1233 1903 395sqq.‚

107 1915 157 1973 ubi
174 1919 309 1993 petentes
328 1916 458 1974 Hermen
476 1917 614 1992 plurimis
632 1917 711 1975 sotis
729 1918 870 1992 fatigent,
888 1920 924 1975 ut
940 1916 1076 1994 reginam
1097 1911 1233 1989 Εἰρήνην

105 2008 252 2080 apportet
281 2002 325 2062 Of.
340 2005 515 2081 Thesmoph
533 2006 595 2063 287
606 2025 669 2080 sqq.
698 2005 757 2062 illa
775 2005 850 2063 serie
868 2005 1131 2063 innumerabilium
1150 2009 1234 2063 voto·

105 2111 171 2152 rum
188 2094 406 2169 Aristophanes
424 2095 560 2153 consulto
581 2088 824 2154 consuetudinem
842 2096 921 2153 sotis
940 2095 1010 2153 deos
1028 2093 1234 2153 commovendi

103 2181 233 2242 illusisse
264 2181 390 2241 videtur.
437 2183 668 2259 Aristophanem
696 2186 753 2265 etsi
779 2184 918 2241 laudator
945 2187 1079 2242 veterum
1116 2200 1234 2239 morum

105 2271 339 2345 existimabatur,
353 2276 454 2330 tamen
463 2291 482 2329 a
490 2274 577 2330 novis
588 2272 648 2330 illis
664 2271 854 2347 opinionibus
863 2272 1022 2348 praecipue
1033 2270 1155 2329 Socrate
1165 2289 1234 2329 auc·

105 2361 167 2420 tere
185 2360 379 2437 gliscentibus
402 2360 548 2435 rudesque
570 2360 640 2418 illas
663 2362 826 2418 sententias
849 2361 973 2419 consilio
992 2359 1165 2417 indubium
1183 2377 1234 2417 so·

108 2449 241 2508 cantibus
255 2468 391 2524 novaque
405 2469 509 2508 norma
526 2452 559 2507 iu
578 2449 744 2508 iudicandis
762 2449 850 2509 rebus
864 2453 895 2507 et
913 2449 1042 2525 publicis
1061 2451 1092 2507 et
1107 2449 1234 2524 privatis

109 2536 252 2615 irrepente
270 2557 330 2597 non
345 2539 475 2597 alienum
492 2540 584 2598 fuisse
602 2542 633 2597 et
647 2539 715 2598 aliis
729 2539 871 2614 exemplis
885 2539 965 2597 infra
979 2560 1008 2615 p.
1024 2539 1088 2595 544
1102 2537 1233 2596 laudatis

111 2644 248 2704 apparere
266 2630 341 2704 puto
359 2630 450 2702 atque
469 2646 564 2703 spero.

148 2715 190 2775 Ut
212 2716 360 2776 sacrificia
383 2720 472 2774 antea
495 2715 598 2775 oblata
622 2717 653 2773 et
671 2718 742 2772 vota
764 2718 868 2790 postea
892 2715 1033 2774 solvenda
1057 2715 1145 2773 deum
1170 2716 1233 2774 iure

42 2802 190 2868 quoiam
207 2805 394 2882 obstringere
413 2804 529 2880 debent„
548 2804 592 2863 ita
610 2807 732 2879 paetum
746 2803 821 2861 illud
835 2803 934 2879 ipsum
949 2805 1035 2877 quasi
1049 2807 1119 2861 ante
1132 2803 1233 2862 oculos

36 2892 269 2968 spectantium,
287 2898 322 2952 ut
339 2894 384 2954 ita
402 2894 508 2968 dicam,
526 2893 620 2951 initur
638 2893 670 2950 in
688 2892 840 2953 sacrificiis
855 2911 923 2950 cum
939 2891 1075 2967 precibus
1095 2893 1233 2949 coniunc-

33 2965 115 3064 ifis,
130 2983 233 3058 quibus
253 2985 382 3059 acceptis
396 2983 468 3041 deus
482 2983 643 3060 obligatur,
661 2985 696 3040 ut
711 3002 818 3041 munus
833 3000 954 3040 munere
973 2982 1084 3057 penset.
1113 2976 1233 3056 Optime

34 3056 120 3126 1ῙΙιι
134 3073 262 3148 ροιιιιίιιιι
280 3074 428 3131 sententia
442 3072 579 3130 sacrificii
593 3072 762 3130 illustratur
778 3071 920 3146 exemplis
935 3069 1049 3129 duobus
1063 3067 1233 3144 Euripideis

37 3159 186 3219 maxime
209 3161 350 3238 egregiis:
378 3160 488 3218 Hecub.
514 3161 651 3235 534sqq.
675 3163 706 3217 et
728 3158 793 3234 Iph.
814 3159 883 3216 Aul.
906 3161 991 3216 1570
1000 3150 1092 3236 sqq.²)
1129 3157 1233 3232 Neque

39 3248 356 3308 praetermittendum
379 3250 453 3307 mihi
471 3249 592 3306 videtur
614 3267 677 3307 esse
700 3266 801 3323 preces
823 3247 892 3305 illas
915 3245 1104 3322 pronuntiari
1127 3247 1159 3302 in
1178 3246 1233 3302 im-

41 3335 207 3418 {nolandis
225 3338 409 3412 hominibus:
429 3339 526 3396 altera
543 3339 688 3396 recitatur
706 3339 738 3395 in
756 3335 940 3396 immolanda
958 3335 1119 3410 Polyxena,
1138 3333 1234 3392 altera

44 3426 100 3476 ¹11
113 3427 268 3486 mactanda
286 3427 456 3505 Iphigenia;
475 3429 566 3502 atque
584 3428 662 3485 inter
680 3445 712 3484 se
725 3427 862 3485 formulis
877 3427 987 3486 sanctis
1003 3428 1180 3502 congruunt,
1198 3426 1234 3481 ut

49 3498 147 3574 facile
165 3534 338 3593 cognoscas:

236 3657 348 3717 Hecub.
364 3659 442 3717 534:
820 3657 885 3733 Iph.
899 3657 969 3715 Aul.
987 3657 1086 3715 1570:

54 3739 92 3806 ὦ
112 3763 169 3823 παῖ
187 3759 333 3838 Πηλέως,
356 3762 462 3838 πατὴρ
482 3760 509 3823 δ’
534 3760 618 3837 ἐμός,
674 3757 701 3822 ὦ
725 3762 783 3822 παῖ
801 3758 916 3836 Ζηνός
940 3757 967 3820 ὦ
987 3758 1170 3836 θηροκτόνε,
1194 3758 1233 3821 τὸ

56 3830 163 3912 δέξαι
192 3848 285 3926 χοάς
313 3869 374 3925 μου
401 3849 496 3912 τόςδε
524 3852 618 3926 κηλη-
674 3847 821 3926 λαμπρὸν
841 3846 1012 3911 είλόςςοιις’
1032 3847 1068 3909 ἐν
1087 3847 1232 3930 εὐφρόνη

54 3959 272 3991 χ...-

149 4061 176 4128 1)
194 4057 258 4111 Hue
272 4060 402 4127 spectant
415 4057 459 4111 illi
474 4073 582 4111 sersus:
603 4055 725 4126 Olroeph.
742 4061 802 4125 266,
821 4056 871 4110 ubi
886 4054 998 4109 Orestes
1013 4053 1125 4109 Electra
1139 4071 1232 4108 sorore

53 4120 206 4198 ‘ecogniu
228 4129 387 4199 imprecans
410 4128 514 4183 liberos
533 4129 752 4198 Agamemnonis
771 4129 917 4197 comparat
935 4143 998 4179 cum
1017 4125 1120 4194 aquilis
1140 4125 1232 4178 deser-

54 4176 109 4247 t¹⁸²
138 4204 223 4256 πόθεν
251 4204 319 4256 ἕξεις
343 4201 441 4267 ὁμοίας
467 4202 557 4268 χειρός
582 4204 710 4254 εὔθοινον
737 4202 832 4267 γέραςς
858 4230 891 4238 -
916 4197 1037 4266 Ohoeph.
1059 4201 1111 4250 '188
1135 4195 1233 4264 (chor.)

52 4247 137 4323 ²⁵0.
157 4275 347 4340 ..φολόςςοις
362 4317 367 4326 ,
385 4315 390 4325 .
407 4316 412 4327 .
430 4276 481 4324 Ἰθθ
496 4273 597 4335 δίδυμα
616 4275 661 4324 καὶ
679 4274 779 4338 τριπλᾶ
796 4271 965 4333 παλίμποινα
984 4272 1073 4322 θέλων
1093 4269 1209 4332 ἀμείψει.

149 4345 176 4412 2)
195 4341 371 4411 Quamquam
395 4343 459 4395 finis
481 4341 647 4411 Iphigeniae
665 4340 841 4407 Aulidemis,
864 4355 938 4407 quae
956 4341 1072 4393 vocatur
1089 4337 1196 4406 fabula,
1215 4353 1233 4390 a

54 4404 157 4466 111ultis
174 4413 243 4468 viria
262 4414 353 4468 doctis
374 4414 404 4466 in
423 4413 540 4467 dubium
558 4414 674 4466 vocatus
698 4414 754 4480 est,
776 4413 872 4465 tamen
890 4409 961 4464 mihi
979 4410 1075 4464 videor
1097 4409 1158 4463 fieri
1175 4425 1232 4463 non
