2760 4876
150 1058 185 1115 In
205 1058 286 1117 cultu
306 1058 448 1132 cuiusque
467 1059 578 1134 gentis,
597 1056 738 1133 cuiusque
758 1058 878 1133 aetatis,
903 1077 978 1134 quae
1001 1060 1132 1119 rationes
1155 1060 1234 1120 inter

57 1148 193 1206 homines
218 1148 248 1205 61
270 1147 339 1205 deos
362 1146 561 1221 intercedant,
589 1149 700 1223 optime
727 1146 898 1206 illustratur
924 1147 1060 1224 precibus
1085 1168 1152 1208 cum
1179 1169 1232 1225 pu·

58 1236 135 1294 blice
159 1237 224 1293 turn
249 1255 267 1294 a
289 1236 415 1312 privatis
444 1235 482 1293 ad
508 1235 577 1294 deos
600 1236 706 1295 missis.
744 1233 819 1294 (lum
841 1255 911 1296 vero
939 1235 1074 1313 precibus
1101 1239 1232 1297 omnium

57 1324 239 1401 populorum
258 1326 288 1382 61
306 1343 382 1400 quae
400 1343 481 1384 more
500 1326 648 1384 maiorum
671 1325 786 1384 sancita
805 1344 939 1401 quaeque
962 1327 1096 1401 tempore
1115 1327 1232 1386 sollem-

57 1415 138 1472 niter
157 1433 192 1472 ac
210 1415 267 1472 rite
291 1412 425 1473 formulis
449 1415 539 1473 sacris
564 1416 705 1490 concepta
724 1416 807 1488 sunt,
831 1433 885 1490 per
908 1415 1026 1473 saecula
1047 1417 1233 1474 retineantur

57 1505 151 1562 sacris
180 1503 211 1560 in
239 1502 425 1562 caerimoniis
454 1521 488 1562 ac
515 1502 622 1562 ritibus
648 1505 679 1562 61
710 1503 856 1578 paulatim
881 1503 1011 1578 antiquis
1035 1504 1139 1563 formis
1161 1505 1231 1564 insi-

57 1595 190 1651 nuentur
208 1609 304 1651 novae
322 1591 461 1666 rationes,
480 1591 597 1650 facilius
616 1609 772 1669 possumus
790 1592 992 1669 pervestigare
1012 1594 1102 1669 atque
1116 1593 1232 1652 intelle-

57 1700 141 1759 gere,
165 1698 223 1755 quo
247 1699 282 1738 ex
305 1681 387 1739 fonte
410 1681 560 1756 profectae
585 1699 701 1756 quaque
719 1680 770 1739 via
788 1698 962 1758 progressae
985 1681 1045 1739 sint
1067 1683 1232 1742 sententiae

56 1770 130 1829 illae
153 1770 285 1829 rituales.
323 1769 409 1828 Hanc
436 1770 468 1826 in
496 1770 675 1828 sententiam
701 1771 831 1828 tractare
858 1769 932 1827 mihi
960 1773 1102 1846 proposui
1129 1790 1231 1847 preces

59 1859 249 1933 Graecorum,
270 1876 395 1934 quorum
415 1857 511 1916 cultus
531 1858 621 1933 atque
638 1858 713 1917 ritus
734 1859 878 1932 quantum
897 1860 928 1917 et
945 1860 976 1916 in
999 1859 1087 1919 rebus
1105 1859 1233 1937 publicis

58 1950 88 2007 et
111 1948 240 2024 privatis
264 1948 414 2007 valuerint
441 1965 526 2006 nemo
557 1946 663 2022 nescit,
692 1948 895 2022 quantumque
923 1947 1032 2007 nostris
1060 1967 1177 2024 quoque
1200 1952 1232 2008 in

57 2037 145 2095 rebus
165 2038 257 2096 sacris
277 2036 373 2094 adhuc
390 2037 513 2113 vigeant
530 2037 627 2114 magis
645 2035 799 2113 magisque
818 2036 1028 2113 intellegimus.

147 2125 239 2185 Multi
256 2125 314 2184 viri
333 2123 413 2184 docti
431 2124 467 2183 de
485 2125 621 2201 precibus
638 2122 816 2184 Graecorum
830 2125 1060 2202 disputaverrmt
1077 2127 1231 2202 multaque

57 2215 244 2292 collegerunt
275 2215 446 2288 multasque
480 2213 697 2274 adnotaverunt
723 2215 867 2290 rationes,
896 2234 971 2289 quae
999 2217 1031 2273 in
1061 2217 1231 2291 precatione

55 2303 259 2381 respiciendae
279 2304 355 2362 sunt.
383 2301 534 2377 imprimis
548 2301 760 2376 Naegelsbach:
777 2303 965 2363 Homcrc'scbe
980 2303 1130 2377 lbcotopc'e
1145 2305 1231 2363 1840

56 2393 93 2451 de
113 2393 280 2452 Homericis
298 2391 435 2468 precibus
455 2392 566 2467 optime
585 2390 733 2459 disseruit,
751 2388 925 2451 Aatcrcrc'etb
943 2393 1035 2451 tertia
1054 2394 1158 2451 curata
1171 2392 1231 2451 edi·

55 2482 141 2540 tione
162 2483 247 2539 1884
266 2482 302 2540 of.
317 2501 345 2557 p.
364 2481 425 2539 197
437 2497 499 2556 sqq.
515 2480 660 2539 nonnulla
677 2480 824 2540 notabilia
841 2483 873 2538 in
892 2483 971 2541 notis
992 2481 1102 2540 attulit.
1135 2481 1231 2540 Idem·

56 2588 117 2645 que
132 2569 343 2642 Naegelsbach:
360 2569 618 2628 Nacbbomerisctc
633 2569 784 2642 7716616916
799 2570 884 2628 1857
900 2569 936 2628 de
949 2571 1119 2646 insequenti
1133 2572 1231 2630 aetate

56 2658 159 2715 multa
177 2656 336 2731 explicavit
352 2660 439 2733 atque
453 2658 633 2717 testimoniis
647 2656 824 2732 illustravit,
841 2659 973 2734 itemque
987 2660 1024 2717 E.
1039 2679 1065 2717 c.
1080 2659 1233 2718 Lascuta:

58 2740 123 2804 Dc'c
144 2744 246 2804 (debete
264 2746 315 2804 der
335 2744 473 2805 Griccbea
490 2748 553 2805 aad
571 2747 692 2821 Rdmer,
712 2747 773 2805 coc.
793 2747 851 2805 lect.
877 2747 999 2806 Wtrccb.
1022 2749 1106 2806 1842
1126 2749 1229 2823 paucis

55 2835 178 2911 paginis
196 2853 336 2912 magnam
355 2838 471 2913 copiam
488 2835 728 2896 testimoniorum
751 2837 831 2894 inter
852 2854 883 2894 se
901 2834 1143 2912 respondentium
1162 2855 1229 2895 con·

55 2924 151 3000 gessit
168 2923 337 3000 multasque
355 2926 486 2984 rationes
504 2927 696 3003 gravissimas
715 2925 896 3001 perstrinxit.
929 2924 1088 2984 Praeterea
1106 2925 1229 2985 adhibui

59 3010 344 3072 (1111161661
366 3013 520 3072 chrbccb
538 3016 590 3074 der
609 3015 714 3088 prtect.
732 3012 1011 3081 Stcatsoltertc'lmcr,
1034 3015 1104 3072 tom.
1120 3013 1151 3071 II
1173 3015 1231 3073 Dic

53 3100 333 3175 pottesdieastticbea
355 3097 532 3161 Altertc'tmer
559 3103 611 3160 der
639 3101 787 3162 Grtecbea.
809 3103 893 3161 1846
914 3100 934 3176 5
954 3104 1009 3177 213
1036 3102 1231 3161 Scbcemacco:

57 3187 171 3248 Grtccb.
185 3186 364 3249 Attertdmer
377 3192 448 3249 tom.
462 3183 518 3248 11⁴.
537 3192 630 3250 1902.
644 3211 673 3267 p.
690 3191 822 3266 262sqq.
844 3190 970 3264 Stcugel:
986 3189 1097 3249 aruo.
1115 3191 1230 3250 Cultus·

56 3279 225 3337 atterttmcr
244 3278 425 3350 (Hoadbucb
442 3278 479 3352 V,
494 3271 545 3359 2²)
567 3280 651 3339 1898
675 3299 704 3355 p.
721 3281 759 3338 71
772 3299 844 3354 sqq,
868 3278 920 3338 ubi
942 3281 1113 3339 summatim
1133 3278 1231 3338 multa

55 3368 227 3426 referuntur
250 3367 462 3444 exemplisque,
483 3386 559 3443 quae
578 3368 698 3444 quidem
720 3369 752 3426 in
774 3371 915 3445 promptu
939 3369 1012 3443 sint,
1036 3367 1227 3445 explicantur.

55 3455 179 3515 Planius
199 3456 236 3513 L.
260 3455 402 3515 Schmidt:
429 3458 488 3516 Die
510 3458 600 3515 Etla'lc
627 3458 679 3517 der
706 3458 784 3516 altere
813 3456 961 3516 Griecbecc.
992 3457 1086 3516 1884.
1114 3458 1185 3515 tom.
1205 3457 1227 3515 1.

42 3565 83 3620 p.
96 3545 209 3620 85sqq.
221 3546 251 3604 61
264 3545 295 3603 ΙΙ
309 3565 337 3620 p.
354 3547 464 3621 31sqq.
480 3544 516 3605 de
526 3544 706 3606 Graecorum
720 3545 855 3622 precibus
870 3546 1004 3622 disputat
1018 3548 1108 3621 atque
1122 3547 1230 3604 eximia

57 3634 145 3693 affert
168 3636 199 3693 61
222 3634 258 3692 de
280 3635 422 3710 tempore⁴
436 3634 506 3694 inde
529 3653 547 3694 a
570 3637 675 3711 quinto
699 3634 830 3702 saeculo,
854 3635 936 3694 cuius
960 3634 998 3694 ad
1017 3633 1228 3712 explicationes

56 3725 175 3799 saepius
199 3741 357 3782 recurram.
394 3721 536 3783 Attamen
559 3725 640 3783 haud
663 3741 914 3800 supervacaneum
936 3726 1042 3798 putavi
1064 3724 1159 3783 denuo
1181 3742 1229 3783 res

54 3813 125 3871 illas
149 3830 248 3872 sacras
271 3811 442 3888 perquirere
468 3813 527 3887 ita,
549 3815 584 3872 ut
607 3833 655 3887 ea,
684 3831 760 3888 quae
782 3813 842 3872 viri
863 3813 911 3870 illi
934 3812 1015 3871 docti
1035 3813 1148 3888 passim
1171 3812 1229 3872 dis·

55 3918 145 3977 persa
164 3903 195 3960 61
214 3901 274 3959 alia
291 3901 408 3960 ratione
426 3901 550 3960 collecta
567 3903 657 3977 atque
670 3903 774 3978 paucis
787 3902 907 3960 tantum
921 3900 1063 3976 exemplis
1076 3900 1230 3960 illustrata

56 3989 290 4064 adnotaverimt,
312 4008 372 4049 uno
394 3992 497 4049 tenore
519 4009 573 4066 per
594 3991 739 4049 nonnulla
761 3990 879 4049 saecula
901 4007 1062 4065 persequar
1085 3992 1175 4065 atque
1194 4010 1228 4050 co

57 4079 183 4138 consilio
201 4079 359 4153 illustrem,
377 4080 412 4137 ut
430 4080 461 4138 et
479 4098 514 4137 ex
531 4079 673 4154 precandi
691 4098 746 4139 usu
765 4079 888 4151 eluceat,
908 4098 966 4153 quo
980 4077 1068 4137 modo
1081 4080 1229 4154 paulatim

54 4167 192 4226 notiones
212 4169 302 4242 atquo
320 4169 485 4227 sententiae
504 4164 681 4226 Graecorum
701 4187 736 4226 ex
757 4167 934 4226 rudimentis
953 4169 1114 4240 rationum,
1132 4170 1167 4225 ut
1184 4169 1229 4226 ita

55 4254 163 4329 dicam,
177 4254 360 4314 naturalium
375 4256 413 4314 ad
426 4256 609 4315 honestiores
623 4255 691 4316 illas
705 4256 868 4315 sententias
883 4255 992 4314 saeculi
1007 4257 1114 4331 quinti,
1128 4257 1228 4330 quarti

54 4362 137 4419 seqq.
157 4345 353 4420 pervenerint.
390 4342 447 4402 Sed
465 4363 561 4419 neque
580 4346 680 4403 omnia
699 4343 879 4403 Graecorum
898 4344 1009 4420 scripta
1026 4345 1229 4421 pervestigare

1186 4411 1263 4568 qr
