2790 4874
106 219 171 285 512
562 215 677 273 Carolus
695 217 825 273 Ausfeld:

150 389 189 446 ad
212 388 299 447 deum
317 407 418 466 preces
442 389 619 468 dirigerent,
642 389 783 448 oraculis:
809 389 845 447 cf.
868 386 1010 446 Herodot.
1030 385 1089 444 VH
1115 387 1280 445 178189.

150 477 284 554 Xenoph.
299 477 394 536 Anab.
409 477 457 536 HI
472 482 500 537 1.
517 471 574 559 6.1)

180 584 241 660 ‚Hx
254 586 366 644 normis
380 585 442 644 illis
456 588 489 644 in
503 585 639 662 eligendo
656 585 710 644 deo
728 585 908 664 generaliter
926 584 1048 643 statutis
1066 583 1138 642 satis
1153 583 1282 642 dilucide

107 676 244 749 apparet,
270 694 360 750 quam
379 676 467 734 multi
486 693 520 733 ao
545 673 655 734 diversi
673 674 721 733 dei
739 673 770 732 in
790 673 934 734 auxilium
951 674 1102 732 vocentur.
1139 672 1283 732 Attamen

106 763 250 821 nonnulla
264 763 463 823 animadverti
482 766 613 839 possunt,
633 765 685 838 qui
703 764 892 840 potissimum
910 762 959 821 dei
975 780 993 820 a
1012 762 1138 838 singulis
1158 763 1282 837 scripto·

105 851 187 910 ribus
213 852 339 929 singulis
366 853 550 929 temporibus
577 853 709 912 invocati
737 853 804 912 sint.
843 850 876 910 Si
900 868 1000 928 preces
1029 850 1194 909 carminum
1222 850 1282 910 Ηο·

106 940 233 999 mericae
265 942 374 1001 aetatis
406 943 635 1018 perlustramus,
665 944 725 1001 tria
755 943 809 1000 illa
841 943 977 1016 numina,
1004 941 1106 999 Iovem
1134 939 1283 999 Athenam

107 1027 286 1104 Apollinem,
304 1033 463 1108 praecipue
482 1031 621 1090 advocari
639 1030 786 1090 videmus:

196 1149 304 1213 Ζεύεῖ
328 1155 363 1213 11.
379 1155 409 1213 Π
429 1158 502 1216 412.
522 1156 569 1214 III
589 1157 661 1214 298.
678 1158 751 1215 320.
768 1157 839 1215 350.
857 1156 928 1215 365.
948 1154 1007 1212 VH
1029 1156 1099 1213 179.
1117 1157 1190 1213 202.
1210 1153 1284 1212 VIII

153 1243 226 1300 236.
252 1242 308 1300 XV
328 1245 400 1304 372.
425 1243 496 1302 XVI
516 1246 588 1304 233.
613 1244 699 1302 XVII
719 1245 791 1302 645.
811 1244 882 1302 XIX
907 1245 980 1303 270.
1003 1244 1073 1302 XXI
1092 1245 1165 1320 2273.
1185 1241 1283 1301 XXIV

155 1332 226 1393 eos.
252 1329 369 1408 odyss:
393 1332 453 1391 un
473 1335 545 1392 331.
568 1333 623 1390 xx
649 1335 698 1392 er.
725 1325 824 1413 nas)
862 1328 1009 1405 ’aecum
1038 1333 1072 1390 n.
1091 1332 1119 1388 v
1141 1333 1212 1391 115.
1241 1331 1284 1390 vr

153 1421 226 1479 304.
249 1421 277 1478 Χ
298 1423 370 1480 278.
392 1423 464 1481 283.
485 1423 558 1482 460.
582 1421 683 1480 XXIII
703 1423 775 1480 769.
814 1419 1127 1496 Odyss.11261.111
1148 1421 1219 1480 380.
1240 1420 1284 1478 IV

154 1509 225 1566 762.
250 1508 294 1566 VI
319 1512 392 1570 323.
435 1507 643 1571 Ἀπόλλωνι
663 1511 697 1573 11.
717 1511 733 1568 I
757 1512 806 1569 37.
832 1511 904 1569 451.
929 1509 1000 1567 XVI
1026 1510 1099 1568 513.
1142 1509 1200 1579 Qui
1223 1511 1283 1569 tres

152 1597 200 1655 dei
218 1600 250 1655 in
269 1601 445 1675 trinitatem,
464 1604 499 1658 ut
512 1602 556 1659 ita
571 1600 677 1672 dicam,
696 1600 847 1660 coniuncti
865 1601 897 1658 in
911 1599 1040 1659 formula
1053 1599 1116 1674 illa,
1134 1600 1170 1657 ut
1190 1601 1283 1676 suspi-

151 1687 227 1759 cari,
250 1688 322 1746 licet
342 1688 563 1764 antiquissima,
587 1708 646 1764 qua
666 1707 712 1762 ea,
737 1707 813 1763 quae
832 1691 987 1765 optantur,
1010 1688 1094 1747 nullo
1112 1687 1201 1746 modo
1221 1687 1284 1747 fieri

151 1794 238 1852 posse
257 1777 451 1853 significatur,
471 1777 550 1853 apud
568 1777 731 1836 Homerum
749 1777 939 1837 usitatissimi
957 1780 1039 1836 sunt:
1064 1773 1100 1836 ol
1120 1771 1190 1850 γὰρ
1210 1773 1283 1839 Ζεῦ

151 1880 191 1923 τε
210 1860 329 1939 πάτερ
349 1863 409 1925 καὶ
428 1861 604 1939 Ἀθηναίη
624 1862 683 1925 καὶ
697 1860 887 1926 Ἄπολλον
907 1867 942 1924 cf.
963 1865 1283 1926 11.11371.1vass.

150 1952 210 2010 VII
231 1955 294 2013 132
314 1947 478 2035 saepius³),
499 1975 588 2030 quam
606 1943 767 2014 formulam
785 1956 822 2014 L.
841 1955 982 2030 Sctmtct,
1001 1955 1100 2014 1.1.Π
1120 1955 1160 2014 35
1186 1956 1284 2034 legiti-

152 2062 233 2100 mum
256 2043 377 2102 initium
401 2044 553 2103 sollemnis
578 2045 777 2121 praecationis
801 2046 891 2103 fuisse
917 2036 1104 2125 existimatfi)
1149 2045 1284 2105 Eandem

151 2130 319 2191 trinitatem
343 2134 429 2208 quasi
447 2133 616 2208 legitimam
640 2131 744 2190 laudat
761 2132 839 2191 Plat.
859 2133 988 2207 Euthyd.
1006 2135 1068 2192 302
1090 2132 1120 2191 O.
1136 2133 1186 2191 D.:
1216 2127 1284 2193 εἶτα

152 2219 220 2280 τοῖ(
236 2214 353 2292 ἄλλοις,
372 2216 444 2297 ἔφη,
459 2217 637 2294 Ἀθηναῖοι(
652 2218 711 2281 οὐκ
726 2216 788 2281 deu
804 2217 885 2280 Ζεύ(
900 2217 919 2280 ὁ
934 2223 1097 2301 πατρῷος
1118 2219 1177 2282 οὐκ
1191 2217 1283 2293 ἔετιν,

151 2303 218 2382 ἧδ’
239 2304 318 2381 ἐγώ,
344 2306 423 2383 αὕτη
443 2306 461 2382 ἡ
482 2305 647 2383 ἐπωνυμία
665 2305 782 2370 Ἰώνων
807 2305 927 2381 οὐδενί,
952 2305 1019 2370 οὐθ’
1041 2305 1109 2370 licor
1133 2306 1167 2369 ἐκ
1191 2310 1284 2384 tricos

152 2397 208 2471 τῆ(
222 2394 350 2458 πόλεως
365 2394 577 2477 ἀπῳκιεμένοι
593 2393 668 2458 εἰεὶν
683 2394 752 2458 οὐθ’
766 2395 848 2471 ἡμῖν,
864 2393 935 2458 ἀλλ’
950 2393 1118 2459 Ἀπόλλων
1133 2401 1284 2479 πατρῷα(

151 2482 203 2544 διὰ
233 2483 292 2559 τὴν
323 2485 380 2546 τοῦ
411 2481 521 2545 Ἴωνα(
552 2481 689 2555 γένεαν·
719 2482 800 2546 Ζεὺ(
827 2481 854 2544 δ’
882 2482 956 2559 ἡμῖν
984 2489 1135 2566 πατρῷοί
1161 2485 1219 2561 μὲν
1245 2485 1284 2547 οὐ

151 2572 306 2645 καλεῖται,
332 2570 451 2648 ἕρκειος
476 2572 512 2632 δὲ
536 2571 586 2633 καὶ
610 2569 777 2648 φράτριος,
802 2571 853 2634 καί
876 2569 1024 2648 Ἀθηναίη
1049 2574 1190 2651 φρατρία
1214 2571 1283 2636 ἀλλ’

153 2657 241 2736 ἀρκεῖ
255 2678 300 2733 γε,
321 2657 384 2737 ἔφη
400 2658 418 2722 ὁ
433 2660 695 2738 Διονυεόοωροεε
716 2659 778 2723 {cu
797 2659 858 2737 γάρ
878 2681 933 2735 (οι,
954 2659 998 2724 ὡ(
1018 2659 1129 2736 ἔοικεν,
1150 2661 1282 2725 Ἀπόλ-

152 2750 227 2820 λων
251 2768 291 2811 τε
315 2748 374 2812 καὶ
393 2748 489 2812 Ζεὺς
513 2748 572 2812 καὶ
590 2747 733 2826 Ἀθηνᾶ.
771 2747 856 2812 πάνυ
876 2748 915 2826 ἦν
939 2749 966 2813 δ’
987 2749 1060 2825 ἐγώ.
1095 2749 1214 2814 οὔκουν
1233 2751 1285 2813 καὶ

151 2834 241 2902 οὗτοι
261 2837 308 2900 col
328 2838 396 2901 θεοὶ
416 2837 455 2900 ἂν
475 2835 552 2911 sicta
573 2836 644 2914 ἔφη.
672 2840 773 2917 Atque
792 2842 873 2918 apud
891 2842 1119 2901 Demosthenem
1133 2842 1204 2898 XXI
1221 2845 1283 2901 198

151 2929 205 2988 illa
228 2929 348 2989 trinitas
367 2932 459 3004 quasi
487 2930 617 2988 formula
644 2930 780 3006 legitima
807 2931 931 3008 legitur:
958 2926 1000 3003 νὴ
1029 2925 1095 2988 τὸν
1121 2924 1196 2987 Δία
1224 2928 1284 2989 καὶ
1325 2972 1327 2977 -

151 3014 218 3076 τὸν
247 3012 417 3077 Ἀπόλλω
449 3014 509 3076 καὶ
542 3014 610 3091 τὴν
638 3013 806 3092 Ἀθηνᾶν.
853 3019 998 3078 Maximus
1031 3017 1139 3093 Tyrius
1166 3018 1198 3076 in
1226 3019 1283 3077 fine

151 3106 257 3182 capitis
280 3106 441 3181 undecimI,
465 3126 523 3183 quo
543 3107 578 3166 de
597 3110 745 3168 sententia
768 3104 800 3168 εί
824 3108 881 3168 δεῖ
905 3101 1081 3181 εὔχεεθαι
1107 3106 1283 3184 disputatur,

200 3383 225 3450 1)
245 3381 280 3436 cf.
296 3382 425 3449 almar,
443 3381 542 3445 1.1.11,
562 3399 589 3449 p.
606 3386 647 3434 ar.
664 3386 705 3435 aa.

198 3455 224 3523 2)
243 3453 401 3507 Memoratu
420 3452 537 3522 dignum
555 3451 673 3518 videtur,
693 3453 768 3520 quod
787 3451 925 3520 plurimae
944 3469 1040 3520 preces
1059 3455 1088 3506 et
1106 3454 1237 3524 publicae
1256 3454 1282 3508 et

109 3524 237 3595 privatae
256 3524 292 3578 ad
311 3525 404 3578 Iovem
423 3522 547 3576 directae
567 3537 584 3574 a
601 3522 743 3592 regibus
762 3521 960 3575 exclamantur.
998 3522 1030 3575 In
1053 3524 1185 3580 brevibus
1208 3525 1282 3579 invo-

109 3596 268 3650 cationibus
291 3611 342 3664 per
365 3594 493 3663 dialogos
512 3592 659 3662 dispersis,
686 3608 759 3660 quae
777 3592 891 3659 quidem
914 3610 970 3646 non
990 3593 1047 3648 sint
1066 3596 1282 3650 exclamationes

108 3667 283 3736 stupentium
295 3665 339 3718 vel
353 3663 560 3728 admirantium,
576 3663 678 3731 quibus
692 3662 721 3715 in
737 3662 989 3718 exclamationibus
999 3665 1101 3734 Apollo
1117 3667 1282 3737 appellatur,

108 3740 141 3792 ut
163 3738 353 3803 thssmowita
373 3734 503 3790 Hercct.’
521 3735 558 3787 ad
576 3751 628 3787 vss.
645 3739 697 3787 888
716 3736 746 3788 et
763 3739 813 3788 821
835 3734 871 3788 ad
891 3736 913 3788 ὡ
934 3738 1017 3801 Φοῖβε
1036 3738 1168 3804 adnotat,
1192 3740 1282 3793 certae

108 3808 247 3876 quaedam
273 3807 351 3876 leges
374 3806 546 3860 constItutas
577 3805 649 3858 sunt.
693 3804 777 3874 Apud
802 3804 1021 3875 Aristophanem
1046 3808 1118 3862 tales
1149 3809 1283 3863 formulas

108 3878 303 3933 affirmationis
317 3877 361 3932 vel
376 3875 570 3931 admirationis
586 3892 619 3930 ex
633 3892 760 3930 sermone
775 3877 926 3944 cotidiano,
940 3881 974 3932 ut
985 3879 1104 3945 videtin,
1120 3879 1283 3950 desumptae

107 3949 213 4020 passim
231 3949 385 4004 laudantur
407 3949 492 4015 atque
511 3947 619 4001 scholia
636 3963 748 4002 normas
766 3947 831 4002 illas
855 3949 970 4002 deorum
994 3950 1221 4005 advocandorum
1240 3968 1283 4005 ac·

108 4020 232 4075 curatius
251 4020 400 4089 explicant.
430 4019 465 4072 of.
485 4020 627 4085 Zieburtt,
650 4020 683 4073 de
705 4020 765 4074 iure
787 4021 908 4075 iurando
926 4023 958 4075 ta
976 4023 1037 4075 iare
1057 4021 1168 4077 Graeco.
1207 4024 1283 4078 Dies.

110 4092 231 4161 Gestae.
253 4095 326 4145 1892
348 4109 375 4159 p.
391 4096 486 4158 tsqq,
509 4089 558 4144 ubi
582 4106 676 4143 omncs
700 4090 758 4145 fere
783 4090 839 4145 loci
865 4091 901 4145 ad
927 4091 1001 4145 hanc
1026 4108 1085 4146 rem
1110 4093 1284 4161 pertinentes

111 4163 222 4218 collecti
240 4161 426 4215 inveniuntur.

199 4245 224 4309 3)
244 4242 279 4296 of.
294 4243 488 4312 Nascetsbact,
507 4242 545 4296 H.
564 4242 615 4296 Tu.
635 4260 663 4311 p.
680 4247 730 4296 108
749 4248 821 4308 §St
914 4240 916 4245 ’

197 4323 225 4392 4)
242 4322 274 4376 ln
293 4321 412 4376 eandem
430 4322 488 4378 fere
508 4320 677 4378 sententiam
700 4322 840 4377 iudicant:
865 4323 1007 4391 Lascuta,
1027 4327 1043 4380 t.
1060 4327 1076 4380 t.
1091 4343 1119 4394 p.
1135 4330 1151 4378 5
1169 4325 1227 4379 not.
1246 4332 1287 4381 18.
1325 4322 1327 4331 '

109 4394 303 4469 umectat,
317 4393 335 4447 1.
351 4394 369 4447 1.
384 4413 410 4465 p.
429 4399 488 4450 ros.
516 4394 631 4468 saepe,
649 4394 668 4449 1.
682 4394 701 4451 1.
716 4413 743 4465 p.
760 4400 793 4448 a
812 4397 870 4451 nos.
886 4401 910 4450 s.
1323 4376 1327 4419 ¹
