2790 4874
311 255 352 309 De
371 255 540 310 Graecorum
558 257 768 326 precationibus
788 255 973 326 quaestiones.
1171 255 1236 320 535

80 423 148 481 culta
166 422 222 481 sibi
240 422 374 499 finxerat,
393 427 495 484 reiecit
514 427 603 500 atque
622 426 748 503 sprevit,
771 426 822 484 sed
846 426 937 483 etiam
961 444 1044 484 suam
1068 426 1237 500 opinionem

79 510 147 570 haud
163 530 231 571 raro
251 512 394 588 explicuit
411 533 464 588 per
479 532 537 588 ecs,
557 533 630 589 quos
643 516 798 589 loquentes
814 515 944 572 induxit:
963 513 1008 572 ita
1025 513 1237 588 Amphitruoni

79 619 166 676 preces
190 601 259 658 illas
283 601 432 676 captiosas
455 603 572 661 Heracl.
593 596 709 680 sesses
733 603 942 679 pronuntianti
963 600 1123 660 Herculem
1142 602 1237 664 verbis

18 744 21 753 ,
79 688 255 764 Xenophanis
273 690 500 766 respondentem
519 692 606 769 fingit
625 711 643 750 a
661 713 688 751 v.
706 684 829 772 1340.1)
862 692 896 749 In
916 691 1022 750 Troad.
1042 709 1108 749 cum
1122 690 1237 750 Andro-

21 802 24 811 ·
79 778 168 836 nacha
186 781 217 836 et
232 776 398 837 Cassandra
416 783 481 838 tum
498 780 621 839 Hecuba
640 783 670 840 et
689 783 850 840 sententias
867 781 1025 856 populares
1040 780 1189 855 explicant
1208 781 1238 837 et

79 869 170 940 poetae
185 867 338 942 opiniones
357 869 524 943 proferunt:
544 871 580 928 cf.
597 888 639 928 vs.
656 871 719 927 914
730 887 802 944 sqq.,
821 870 873 927 ubi
888 868 1140 946 elegantissimam
1153 869 1238 926 illam

10 939 32 976 ¹²²
79 953 300 1029 disputationem
317 959 397 1014 inter
414 956 560 1016 Helenam
573 959 606 1015 in
620 957 690 1016 deos
704 958 865 1016 transferre
879 957 1105 1016 malefactorum
1119 959 1238 1033 culpam

10 1114 14 1121 ¹
80 1043 238 1102 studentem
257 1047 287 1103 et
304 1043 459 1102 Hecubam
477 1046 630 1123 Euripidis
651 1047 744 1122 ipsius
764 1048 941 1105 sententiam
959 1046 1201 1122 promulgantem
1220 1065 1239 1103 a

25 1133 31 1158 ³
80 1149 101 1188 1.
120 1133 179 1190 969
200 1136 231 1191 56
248 1133 366 1192 fabulas
385 1134 453 1209 illas
472 1135 581 1192 Iliacas
600 1137 741 1193 acerrime
759 1135 940 1194 refutantem
958 1127 1120 1215 insaniit.²)

155 1239 284 1297 Etiamsi
303 1241 434 1298 statuere
453 1260 633 1315 nequeamus
653 1241 825 1317 Euripidem
843 1243 938 1300 certos
953 1242 1095 1315 homines,
1114 1243 1148 1298 56
1161 1241 1238 1298 tales

10 1323 20 1415 ²¹
79 1343 158 1386 novas
173 1328 327 1404 opiniones
342 1328 469 1402 doceret,
488 1330 620 1406 elegisse,
639 1333 740 1388 tamen
753 1329 788 1405 is,
807 1333 860 1405 qui
873 1331 950 1387 hanc
964 1333 1078 1405 partem
1094 1331 1238 1405 precatio·

15 1424 23 1490 j
78 1431 139 1473 num
159 1418 190 1474 in
214 1416 367 1493 Euripidis
390 1417 500 1475 fabulis
523 1418 707 1477 traditarum
724 1421 833 1476 itcrum
856 1420 946 1493 atque
968 1418 1077 1476 iterum
1096 1420 1238 1493 pervesti-

17 1510 20 1517 '
77 1506 183 1577 gaverit
209 1507 509 1581 pertractaveritque,
538 1525 597 1581 qua
624 1509 688 1565 tam
710 1510 795 1565 varia
821 1508 851 1564 et
878 1507 996 1566 diversa
1023 1508 1238 1583 proponuntur,

10 1580 23 1685 ;
77 1596 224 1669 cognoscet
246 1612 295 1652 eas
319 1595 486 1669 opiniones,
510 1614 586 1669 quae
609 1597 730 1654 minime
749 1613 817 1653 cum
840 1596 984 1673 religione
1007 1596 1146 1673 populari
1164 1599 1247 1672 pug-'

11 1688 20 1762 ,J
75 1686 139 1739 nent
165 1685 207 1756 et,
235 1702 309 1757 quae
338 1686 442 1741 sancta
465 1686 554 1758 atque
578 1684 759 1742 venerabilia
784 1685 874 1762 vulgo
898 1684 1097 1757 habebantur,
1119 1686 1240 1759 privent

10 1756 15 1779 ¹
73 1764 122 1828 illa
138 1771 306 1846 sanctitate,
326 1771 437 1829 effundi
455 1792 517 1848 per
535 1765 720 1853 musical)
753 1773 884 1831 Nuntius
898 1775 928 1830 in
944 1791 1081 1831 scaenam
1095 1771 1195 1848 prodit
1210 1774 1240 1830 et

10 1860 16 1927 J
72 1860 200 1918 oratione
218 1863 301 1918 recta
321 1861 358 1918 ad
377 1860 499 1918 verbum
517 1879 618 1935 preces
638 1862 792 1920 cuiusdam
815 1862 934 1938 recitat,
958 1880 1017 1919 non
1036 1863 1170 1920 oratione
1189 1861 1239 1919 ob-

10 1932 13 1954 '
69 1938 149 2022 liqna
172 1950 208 2006 56
232 1949 311 2023 apud
330 1949 510 2023 Aeschylum
535 1948 613 2025 Sept.
635 1951 697 2009 639
721 1982 759 1990 -
780 1969 839 2008 555
862 1950 927 2007 loco
951 1949 1099 2007 Heraclid.
1121 1942 1237 2028 851755

10 3916 17 3948 l

10 4058 17 4090 1

67 2039 188 2112 excepto
207 2069 259 2092 —.
297 2035 379 2104 Quae
401 2037 569 2113 proprietas
588 2058 606 2096 a
625 2041 729 2098 ceteris
752 2041 849 2114 poetis
872 2039 993 2115 tragicis
1015 2038 1112 2096 aliena
1132 2037 1240 2096 summi

62 2135 130 2184 esse
146 2126 292 2183 momenti
314 2126 389 2183 mihi
407 2127 540 2200 videtur,
563 2145 630 2184 cum
652 2128 708 2185 hac
731 2127 848 2186 ratione
871 2145 920 2185 eas
939 2129 1052 2185 veteres
1076 2125 1239 2201 opiniones

61 2213 186 2290 quibus,
205 2233 386 2289 quamquam
404 2233 489 2272 veras
508 2233 568 2272 non
586 2218 688 2290 putat,
711 2217 812 2273 tamen
831 2234 929 2273 carere
947 2234 1007 2272 non
1025 2216 1137 2289 potest,
1157 2213 1238 2272 nullo

55 2292 161 2373 ipsius
180 2302 291 2361 iudicio
311 2302 414 2361 addito
433 2303 540 2360 tribuit
558 2304 779 2362 narrationibus
798 2294 1006 2381 5556155554)

155 2409 192 2466 Ι5
215 2429 337 2467 5515515
362 2427 464 2467 551551
486 2428 620 2485 5155515,
645 2429 720 2484 quae
744 2429 804 2468 non
826 2429 880 2486 per
898 2410 1018 2467 nuntios
1037 2408 1239 2485 proferuntur,

49 2485 123 2556 hae
145 2501 265 2556 6556515
288 2498 513 2573 reprehensione
538 2502 670 2558 carentes
695 2499 900 2558 inveniuntur:
923 2498 1238 2573 Ι55.Τ551.1082-

53 2580 153 2645 1088
173 2605 275 2662 preces
295 2586 331 2645 ab
350 2587 508 2663 Iphigenia
526 2588 678 2646 sacerdote
698 2588 736 2645 ad
755 2588 840 2646 deam
859 2588 975 2661 missae,
995 2585 1097 2662 Suppl.
1117 2587 1181 2645 init.
1202 2586 1239 2644 ab

48 2667 180 2734 Aethra
209 2676 246 2733 ad
276 2673 424 2748 Cererem,
453 2694 529 2749 quae
557 2676 660 2733 fabula
690 2677 721 2733 in
750 2678 920 2734 universum
948 2675 1083 2734 sollemni
1111 2675 1240 2750 quodam

51 2754 168 2823 tencre
187 2766 301 2839 scripta
320 2755 409 2842 est⁵);
432 2764 478 2820 El.
501 2764 577 2822 671:
602 2763 639 2821 ab
658 2765 776 2822 Electra
796 2767 826 2821 et
844 2763 947 2821 Oreste
970 2763 1008 2821 ad
1026 2766 1143 2839 patrem
1161 2783 1239 2821 mor·

47 2843 154 2911 buum
173 2853 275 2926 datae3
295 2855 410 2910 ceterae
427 2870 537 2927 preces,
553 2871 627 2928 quas
642 2852 772 2926 adhibui,
790 2852 896 2927 plenae
917 2855 987 2910 sunt
1004 2852 1240 2928 reprehensionis

48 2937 99 2994 et
118 2944 303 3017 contemptus
319 2941 440 2999 deorum
454 2942 632 3019 vulgarium,
650 2945 790 3017 utsupra
805 2940 1079 2999 demonstravimus
1108 2939 1166 2997 Sed
1180 2959 1240 2998 555

49 3028 164 3088 solum
187 3034 319 3089 veterem
347 3029 469 3088 deorum
493 3033 663 3104 opinionem
687 3032 877 3105 contempsit,
900 3030 950 3087 sed
974 3029 1065 3088 etiam
1087 3047 1180 3088 novas
1204 3028 1240 3087 de

51 3107 192 3177 deorum
211 3122 321 3176 natura
340 3119 502 3176 sententias
516 3119 733 3194 pronuntiavit,
751 3136 844 3176 novos
859 3118 928 3175 deos
943 3118 1123 3193 imprecatus
1138 3120 1183 3176 est
1197 3150 1239 3158 -

55 3203 391 3281 5111515884155.
416 3209 447 3265 et
469 3207 549 3282 apud
572 3207 723 3283 Aristoph.
742 3225 805 3264 155.
827 3207 890 3264 894
912 3209 1004 3264 —et
1027 3207 1187 3264 sanctiores
1211 3210 1240 3264 56

56 3281 266 3369 honestiores3
294 3314 389 3370 neque
415 3298 451 3353 ut
478 3298 640 3373 attingam,
673 3306 748 3371 quae
782 3295 819 3353 ad
846 3294 922 3352 hanc
950 3297 1067 3370 partem
1093 3296 1240 3370 precatio-

64 3379 118 3440 nis
144 3384 307 3460 pertinent,
338 3384 406 3442 deos
434 3385 571 3443 maximis
600 3384 750 3443 sacrificiis
778 3384 915 3458 votisque
948 3386 1044 3459 petita
1071 3383 1141 3441 dare
1174 3385 1240 3460 cogi

65 3479 167 3548 posse,
191 3472 243 3531 sed
262 3492 330 3548 qua
348 3474 465 3530 mente
484 3472 701 3547 immolaretur,
720 3473 847 3531 maxime
866 3473 1007 3531 interesse
1030 3472 1165 3547 putabat.
1203 3473 1239 3530 cf.

70 3551 125 3635 fag.
137 3556 369 3640 327,6<τοὺτ>
383 3561 480 3620 tecte
499 3558 610 3636 μικρὰ
629 3558 791 3621 θύοντα(
810 3557 885 3632 τέλη
905 3560 970 3619 τῶν
993 3557 1239 3634 βουθυτούντων

75 3689 282 3708 ςΜ..-

160 3786 185 3853 1)
205 3783 240 3838 cf.
265 3784 397 3838 Heraclea
423 3784 466 3837 ed.
491 3785 689 3841 Wilemoeoc'te'
712 3784 757 3837 ad.
777 3801 815 3838 vs.
836 3788 887 3836 340
911 3785 940 3836 56
964 3788 1032 3836 1940
1055 3784 1085 3836 56
1113 3782 1239 3836 eiusdem

10 3841 16 3876 ³
81 3848 180 3909 Grieeb.
199 3855 308 3925 Tres]
327 3873 353 3923 p.
370 3855 474 3925 288s89.

159 3929 185 3996 2)
204 3925 239 3980 cf.
255 3927 313 3980 Stel
330 3943 367 3992 er,
385 3924 549 3996 Philologus
568 3929 659 3995 (1900)
678 3945 705 3994 5.
722 3932 772 3979 962
784 3943 843 3993 sqq.

159 4001 185 4066 9)
204 3944 341 4065 511515ρῖ5
368 4012 483 4065 5155515
507 4014 523 4051 5
546 3997 653 4050 nuntiis
680 3997 939 4066 pronuntiatarum:
963 3994 1022 4047 Alc.
1045 3995 1148 4065 masas.
1172 3994 1238 4048 Η55.

77 4069 122 4117 592
134 4071 175 4134 37,
194 4067 256 4120 Η51.
273 4072 342 4120 1584
352 4084 411 4135 sqq.
432 4067 572 4122 Heraclid.
588 4074 638 4122 851
651 4084 710 4135 sqq.
730 4067 771 4120 El.
787 4072 839 4120 805
850 4084 909 4133 sqq.
929 4065 1013 4134 Hipp.
1030 4071 1164 4134 1190sqq.
1179 4065 1239 4134 Iph.

75 4134 133 4191 Au.
150 4138 364 4206 1670555155.
380 4139 462 4191 Taur.
478 4145 529 4192 269
541 4156 600 4206 sqq.
622 4145 689 4193 1998
701 4155 760 4206 sqq.
779 4139 882 4193 Phoen.
900 4142 968 4190 1364
979 4154 1038 4204 sqq.
1060 4142 1129 4190 1972
1140 4154 1200 4204 sqq.

158 4213 185 4279 4)
204 4209 319 4262 Nuntiis
347 4210 460 4263 omnino
489 4211 630 4280 agendum
657 4227 713 4263 555
736 4213 791 4277 eet,
821 4210 870 4262 sed
894 4224 1006 4262 narrare
1030 4209 1141 4262 tanturn
1164 4206 1239 4261 licet.

10 4297 13 4302 ·
74 4277 107 4332 cf.
118 4278 244 4334 Ressow:
260 4279 435 4348 aneac'ones
448 4282 558 4336 selectae
572 4284 604 4336 de
618 4282 835 4350 Euripideomcm
849 4281 1011 4334 5556651515
1024 4280 1239 4334 narrationibus.

72 4348 174 4418 (tryph.
193 4351 266 4405 Dies.
284 4354 360 4404 1883.
380 4370 406 4420 p.
424 4352 509 4424 l'lslss.

160 4424 186 4495 5)
205 4422 240 4477 cf.
255 4421 362 4490 Rohde,
380 4424 484 4493 Psyche
497 4423 540 4477 11¹
558 4442 585 4493 p.
601 4427 652 4476 259
672 4426 728 4476 not.
744 4427 768 4478 4.

977 4507 1033 4562 '‘ab''
