2790 4874
311 217 353 273 De
372 218 542 273 Graecorum
560 216 770 286 precationibus
789 218 976 285 quaestiones.
1165 218 1238 284 '515

56 389 301 457 vocationem,
321 389 440 447 altera
457 406 573 463 semper
591 387 652 445 fere
671 386 800 461 media,
818 389 844 446 si
862 387 950 445 modo
970 387 1007 444 ab
1022 388 1126 446 ceteris
1144 388 1237 463 parti·

55 477 113 538 bus
137 478 305 537 accuratius
328 478 440 536 secerni
460 479 567 553 potest,
592 478 692 534 omnia
715 477 855 551 continet,
878 479 913 534 ut
936 477 1114 553 generaliter
1132 477 1238 552 dicam,

56 585 149 642 quae
182 585 295 641 neque
328 566 371 624 ad
397 565 669 624 invocationem
698 561 886 640 nequead
913 566 1062 623 tertiam
1086 568 1237 641 partem,

55 674 182 731 preces
201 657 313 730 ipsas,
331 655 496 730 pertinent3
519 657 554 711 ut
576 654 664 712 facile
687 656 747 713 tres
766 653 834 712 illas
852 656 952 729 partes
972 672 1140 732 cognoscas,
1161 656 1238 714 hanc

54 763 174 820 precem
192 743 396 817 Homericam,
419 762 511 819 quam
533 743 612 801 infra
636 745 752 818 saepius
776 745 917 818 repetam,
938 743 1084 802 conferas:
1106 743 1140 803 ll.
1160 743 1176 800 I
1196 745 1236 801 37

55 829 148 892 κλῦθί
167 849 228 905 μοι,
248 827 446 906 ἀργυρότοξ’,
466 828 503 891 ὃς
523 827 647 904 Χρύςην
671 826 889 905 ἀμφιβέβηκας
914 828 1030 891 Κίλλαν
1054 848 1088 890 τε
1113 828 1236 904 Ζαθέην,

54 917 211 981 Τενέδοιό
222 937 256 979 τε
266 915 317 995 ἶφι
328 916 480 991 ἀνάςςεις,
492 919 641 993 Σμινθεῦ;
657 939 740 995 pars
755 921 887 979 altera:
903 914 1020 979 εἴποτέ
1035 937 1084 980 τοι
1099 916 1237 996 χαρίεντ’

56 1007 110 1070 ἐπὶ
134 1007 216 1083 νηὸν
236 1005 339 1083 ἔρεψα
356 1007 375 1082 ἢ
396 1005 423 1068 εί
442 1005 481 1082 δή
501 1005 581 1068 ποτέ
605 1025 654 1068 τοι
678 1005 758 1067 κατὰ
781 1005 879 1068 πίονα
903 1005 990 1082 μηρί’
1010 1005 1088 1082 ἔκηα
1107 1005 1235 1083 ταύρων

53 1095 106 1172 ἠδ’
122 1094 232 1169 αἰγῶν,
253 1094 328 1158 τόδε
348 1115 399 1171 μοι
419 1094 559 1171 κρήηνον
574 1094 709 1171 ἐέλδωρ;
728 1099 844 1156 tertia
862 1117 958 1173 pars:
977 1094 1094 1158 τίςειαν
1109 1095 1237 1158 Δαναοὶ

56 1183 119 1262 ἐμὰ
152 1183 273 1261 δύκρυα
307 1186 383 1246 ςοῖςι
417 1183 564 1261 βέλεςςιν.
610 1186 707 1246 Huius
737 1187 908 1262 partitionis
941 1188 1089 1246 rationem
1120 1191 1237 1247 secutus

54 1280 162 1353 postea
189 1295 291 1354 agam:
322 1278 455 1352 primum
482 1275 518 1334 de
550 1277 796 1351 invocatione,
830 1295 906 1351 quae
938 1275 986 1335 dei
1018 1278 1139 1335 nomina
1176 1278 1237 1351 epi-

53 1365 148 1424 thetis
176 1367 207 1424 et
232 1365 443 1424 additamentis
472 1366 560 1423 aucta
587 1365 724 1424 omnibus
751 1365 936 1440 temporibus
965 1365 1167 1440 appellantur:
1200 1365 1235 1423 cf.

53 1455 136 1512 infra
160 1455 222 1512 521
249 1455 285 1514 cf.
310 1453 552 1530 Soph.El.110
576 1447 603 1511 ὦ
631 1448 723 1525 δῶμ’
747 1448 877 1512 Ἀίδου
904 1449 963 1512 καὶ
986 1449 1237 1528 Περςεφόνης

54 1539 82 1602 a
107 1537 233 1618 χθόνι’
256 1537 367 1616 Ἑρμῆ
397 1538 456 1600 καὶ
486 1535 613 1600 πότνι’
641 1537 727 1614 Ἀρὰ
756 1538 886 1615 ςεμναί
915 1557 953 1600 τε
978 1541 1077 1601 θεῶν
1102 1542 1236 1601 παῖδε(

54 1627 239 1706 Ἐρινύες,
260 1627 296 1690 αἳ
316 1628 404 1690 τοῦς
423 1625 563 1689 ἀδίκως
582 1628 815 1709 θνήςκοντας
834 1626 942 1704 ὁρᾶθ’
958 1626 994 1688 αἳ
1014 1628 1103 1690 τοῦς
1123 1626 1236 1690 εύνὰς

53 1716 425 1792 ὑποκλεπτομένους
448 1714 550 1778 ἔλθετ’
570 1713 719 1792 ἀρήξατε,
748 1715 870 1778 τίςαςθε
893 1715 1016 1792 πατρὸς
1036 1715 1142 1793 φόνον
1161 1715 1235 1792 ἡμε-

55 1805 163 1884 τέρου,
184 1805 235 1868 καί
254 1824 307 1881 μοι
326 1805 384 1868 τὸν
399 1804 477 1881 ἐμὸν
491 1803 632 1882 πέμψατ’
648 1803 802 1881 ἀδελφόν,
822 1804 924 1881 μούνη
944 1804 1005 1879 γὰρ
1025 1802 1114 1878 ἄγειν
1130 1804 1236 1867 οὐκέτι

55 1897 149 1958 ςωκιῦ
174 1893 276 1970 λύπης
305 1892 502 1971 ἀντίρροπον
531 1892 637 1972 ἄχθος.
675 1895 826 1970 Aristoph.
846 1916 926 1971 vesp.
947 1897 1011 1954 875
1031 1891 1058 1954 ὧ
1082 1892 1236 1956 δέςποτ’

55 1982 150 2048 ἄναξ
169 1985 300 2057 γεῖτον
316 1981 465 2057 Ἀγυιεῦ
485 1981 606 2059 τούμοῦ
621 1980 759 2058 πρόςθεν
774 1981 987 2058 προπυλαίου,
1003 1981 1089 2045 δέξαι
1104 1983 1235 2058 τελετὴν

55 2072 178 2150 καινήν,
198 2069 293 2145 ὦναξ,
312 2071 352 2147 ἣν
372 2076 417 2154 τῷ
436 2071 533 2148 πατρὶ
547 2073 813 2148 καινοτομοῦμεν·
833 2073 957 2133 παῦςον
976 2068 1004 2132 τ’
1019 2071 1118 2133 αὐτοῦ
1139 2073 1236 2133 τοῦτο

56 2161 94 2225 τὸ
115 2160 188 2223 λίαν
209 2160 371 2238 ςτρυφνὸν
395 2160 446 2221 καὶ
465 2160 612 2237 πρίνινον
631 2157 721 2236 ήθος,
749 2158 820 2221 ἀντὶ
839 2159 960 2236 ςιραίου
981 2158 1106 2235 μέλιτος
1125 2159 1237 2235 μικρὸν

57 2255 103 2333 τῷ
124 2249 257 2333 θυμιδίῳ
277 2248 521 2326 παραμίξας...

147 2341 262 2401 Deinde
276 2341 317 2399 de
332 2343 450 2399 altera
463 2344 567 2417 parte
582 2342 697 2415 epica,
712 2358 771 2415 qua
785 2340 882 2398 multa
897 2339 1025 2398 aeraria
1039 2339 1236 2413 continentur,
1270 2335 1272 2339 ’

57 2449 134 2506 quae
153 2432 210 2491 etsi
228 2431 308 2488 inira
327 2431 444 2505 copiose
463 2429 745 2504 demonstrabimus,
763 2430 819 2488 hoc
840 2448 958 2505 quoque
977 2429 1041 2487 loco
1060 2447 1120 2486 non
1133 2427 1236 2487 multis

57 2519 237 2579 testimoniis
264 2518 369 2579 diffuse
398 2538 612 2594 proponamus:
643 2519 678 2578 cf.
698 2539 726 2594 p.
747 2519 819 2576 525.
858 2516 962 2594 Odyss.
981 2517 1028 2575 ΙΠ
1052 2518 1116 2576 380
1145 2510 1235 2586 ἀλλά,

60 2603 180 2680 ἄναςέ,
202 2603 295 2681 ίληθι,
315 2604 425 2667 δίδωθι
445 2604 481 2667 δέ
501 2624 552 2681 μοι
572 2604 664 2666 κλέος
684 2604 810 2677 ἐςθλόν,
836 2602 923 2686 αὐτῷ
947 2603 999 2665 καὶ
1022 2603 1162 2665 παίδεςςι
1186 2603 1237 2664 καὶ

10 2751 18 2774 h
63 2691 166 2775 αἰδοίῃ
180 2692 356 2771 παρακοίτι,
373 2693 430 2755 ςοὶ
444 2690 527 2755 δἀῦ
543 2692 616 2767 ἐγὼ
632 2691 726 2768 ῥέξω
743 2694 834 2769 βοῦν
849 2689 946 2766 ἦνιν,
962 2691 1236 2768 εὐρυμέτωπον

11 2781 18 2831 Γ
65 2776 244 2858 ἀδμήτην,
262 2782 307 2860 ἣν
332 2780 375 2845 ού
399 2802 455 2843 πω
475 2779 548 2843 ύπὸ
568 2780 684 2854 Ζυγὸν
707 2778 850 2856 ἤγαγεν
870 2778 978 2856 ἀνήρ,
998 2779 1065 2856 τήν
1084 2799 1142 2842 τοι
1163 2779 1235 2852 ἐγὼ

66 2865 153 2942 ῥέξω
172 2871 311 2948 χρυςὸν
331 2870 484 2947 κέραςιν
503 2868 718 2948 περιχεύας.
748 2872 783 2931 cf.
799 2872 902 2948 llurip.
917 2871 988 2930 Hec.
1005 2872 1077 2929 534.
1092 2871 1156 2945 Iph.
1167 2870 1235 2927 Aul.

70 2961 186 3038 1570p.
198 2964 271 3021 529.
286 2963 352 3022 Hel.
366 2957 488 3021 144Ιῶ
504 2958 577 3033 Ζεῦ,
592 2959 716 3036 πατήρ
731 2977 772 3021 τε
787 2957 847 3020 καὶ
862 2957 981 3035 ςοφὸς
996 2958 1121 3039 κλῄζει
1137 2955 1237 3033 θεός,

10 3097 24 3132 ,.
70 3044 183 3123 βλέψον
215 3048 297 3125 πρὸς
333 3047 416 3124 ἡμᾶς
443 3048 494 3110 καὶ
526 3047 718 3125 μετάςτηςον
750 3050 865 3110 κακῶν.
913 3045 1064 3109 έλκουςι
1093 3044 1121 3107 δ’
1148 3043 1236 3121 ἡμῖν

71 3135 155 3210 πρὸς
185 3136 303 3200 λέπας
332 3136 397 3198 τὰς
431 3135 626 3213 ςυμφορὰς
654 3139 799 3216 ςπουδῇ
829 3134 1002 3210 ςύναψαι.
1047 3133 1115 3196 κᾶν
1142 3133 1236 3215 ἄκρᾳ

10 3256 11 3263 1
72 3220 166 3307 θίγῃς
185 3224 282 3304 χερί,
301 3223 444 3302 ήξομεν
461 3223 509 3287 ἵν’
529 3223 655 3287 ἐλθεῖν
672 3223 910 3302 βουλόμεςθα
928 3225 992 3298 τῆς
1006 3222 1129 3300 τύχης.
1154 3220 1236 3283 ἅλις

10 3392 12 3397 λ
73 3309 106 3372 δὲ
126 3313 291 3392 μόχθων,
318 3314 384 3377 οῦς
411 3314 650 3392 ἐμοχθοῦμεν
673 3312 795 3391 πάρος
815 3338 880 3390 ...ς
898 3316 1047 3391 postremo
1066 3315 1106 3372 de
1124 3315 1237 3372 tertia

19 3429 23 3437 ·
73 3407 175 3481 parte,
190 3425 294 3482 prece
307 3408 401 3482 ipsa3
416 3408 506 3482 atque
516 3425 582 3464 eam
592 3425 709 3481 quoque
719 3405 869 3464 nonnullis
880 3404 1021 3479 exemplis
1031 3402 1236 3480 explicationis

75 3503 149 3552 ausa
167 3495 335 3554 ostendam:
354 3496 390 3553 cf.
409 3495 547 3570 Aeschyl.
563 3493 643 3571 Sept.
665 3496 705 3552 69
726 3488 752 3552 ὦ
772 3489 836 3552 Ζεῦ
856 3489 960 3552 τεκαὶ
980 3490 1018 3565 Γῆ
1038 3489 1090 3551 καὶ
1108 3491 1235 3551 πολλις-

10 3634 12 3642 ,
75 3577 170 3656 (υῦχοι
189 3580 269 3654 θεοὶ,
290 3579 366 3656 Ἀρά
386 3579 412 3642 τ’
432 3579 555 3657 Ἐρινῦς
574 3580 697 3657 πατρὸς
715 3578 734 3655 ἡ
754 3579 955 3655 μεγαςθενὴς,
975 3577 1020 3654 μή
1041 3597 1101 3654 μοι
1123 3577 1236 3639 πόλιν

10 3649 30 3699 lp
75 3675 108 3733 te
131 3668 346 3746 πρέμνοθεν
374 3669 626 3746 πανώλεθρον
655 3666 901 3745 ἐκθαμνίςητε
930 3666 1141 3749 δῃάλωτον,
1165 3664 1234 3727 Ἑλ-

10 3746 40 3784 ·”
75 3745 159 3820 loo<
185 3757 334 3835 φθόγγον
360 3757 509 3836 χέουςαν,
536 3758 587 3820 καὶ
609 3758 732 3834 ’δόμους
758 3755 936 3833 έφεςτίους’
964 3754 1170 3831 ἐλευθέραν
1196 3755 1236 3816 δὲ

10 3861 19 3880 ”
76 3841 1235 3924 ῖῆντεκαῖΚάδμουπόλινζυγοῖςιδουλίοιςιμήποτεςχεθεῖν·

10 3993 14 4002 ,
76 3927 215 3998 ῖένεςθε
235 3932 264 3997 δ’
283 3933 390 4012 ἀλκή·
410 3934 489 3999 ξυνὰ
506 3933 534 3997 δ’
550 3933 668 3999 ἐλπίζω
684 3934 800 4008 λέγειν·
820 3933 914 3997 πόλις
928 3933 989 4010 γὰρ
1005 3929 1040 3995 εῦ
1055 3931 1236 4010 πράςςουςο

10 4004 43 4108 ζ’,
76 4013 214 4096 δαίμονας
234 4022 304 4097 τίει;
325 4029 354 4086 et
372 4027 450 4086 Plat.
469 4027 594 4086 Phaedr.
611 4029 674 4085 279
694 4026 728 4084 B.
745 4025 767 4084 θ
786 4020 812 4084 ὠ
833 4022 907 4100 φίλε
926 4021 1000 4084 Πάν
1020 4040 1054 4084 τε
1073 4021 1124 4083 καὶ
1143 4019 1235 4083 ἄλλοι

10 4139 43 4180 mr
75 4097 131 4170 ύωι
148 4115 223 4194 τῇδε
239 4111 314 4187 θεοί,
334 4112 418 4188 δοίη
439 4112 478 4174 τέ
497 4132 558 4189 μοι
576 4115 676 4195 καλῷ
691 4111 868 4186 γενέςθαι
887 4109 1075 4174 τᾶνδοθεν
1095 4109 1235 4175 ἔξωθεν

75 4189 96 4251 δ’
112 4195 176 4263 dcc
194 4199 281 4278 ἔχω,
300 4204 381 4264 τοῖς
401 4201 511 4264 ἐντὸς
527 4199 626 4264 είναί
645 4221 706 4279 μοι
722 4200 838 4278 φίλια.
862 4199 1056 4262 Πλούςιον
1074 4200 1115 4261 δὲ
1130 4198 1234 4275 νομί-

10 4285 38 4320 nn
74 4279 158 4364 Ζοιμι
177 4289 244 4352 τὸν
265 4289 398 4368 ςοφόν·
423 4290 530 4353 τὸδὲ
549 4292 688 4367 χρυςοῦ
713 4292 858 4365 πλῆθος
878 4287 934 4366 εἴη
955 4308 1015 4366 μοι
1035 4286 1125 4350 ὅςον
1145 4287 1235 4364 μήτε

10 4358 28 4391 '⁰
74 4372 197 4452 φέρειν
217 4378 307 4455 μήτε
327 4377 434 4453 ἀγειν
454 4377 601 4441 δύναιτ’
621 4377 737 4442 ἄλλος
755 4378 774 4454 ἣ
794 4376 812 4439 ὁ
833 4377 1003 4456 ςώφρων.
