2760 4876
339 223 381 278 De
400 223 569 280 Graecorum
586 225 796 296 procationibus
815 226 1002 296 quaestiones.
1201 228 1264 291 511

130 393 179 450 rei
204 393 362 470 angustiis.
381 412 408 451 v.
423 393 560 470 'Xenoph
581 392 689 472 Cyneg.
705 395 749 452 VI
769 397 809 454 13
834 391 996 474 εὐξαμένῳ
1020 397 1066 474 τῷ
1090 390 1269 456 Ἀπόλλωνι

132 477 188 540 καὶ
208 481 248 559 τῇ
267 475 422 555 Ἀρτέμιδι
441 483 479 560 τῇ
499 477 673 561 Ἀγροτέρᾳ
688 530 694 542 .
710 530 716 542 .
732 530 738 542 .
753 484 870 542 Arrian.
884 482 996 561 Oyneg.
1014 476 1092 565 34¹)

181 569 343 628 Praeterea
365 572 444 629 ratio
468 570 603 629 habenda
627 575 685 646 est,
710 591 862 647 quonam
885 592 961 631 cum
989 573 1053 630 deo
1081 576 1271 650 precantes

90 659 241 719 vinculo
261 651 446 740 quodam²)
465 660 651 719 coniuncti
670 662 756 720 sint:

154 816 157 817 ⁷
182 749 269 807 velut
289 746 437 823 Odysseus
457 749 578 825 eiusque
602 768 673 827 gens
692 768 781 826 saepe
799 749 935 808 Athenae
954 751 1119 825 supplicat:
1143 751 1179 809 cf.
1194 751 1228 809 Π.
1245 751 1272 809 Χ

135 839 213 896 278.
235 839 308 898 460.
328 837 430 896 ΧΧΠΙ
452 839 523 898 770.
552 837 656 913 Odyss.
675 839 707 896 Π
727 840 800 897 260.
824 838 868 896 IV
884 840 955 897 762.
975 838 1019 896 VI
1039 841 1111 898 323.
1136 840 1272 917 Euripid.

133 927 226 986 Rhes.
251 926 325 986 608.
353 925 432 1001 Cycl.
453 927 531 1001 35ος
555 926 602 985 vel
625 926 705 986 filius
724 928 812 985 deum
830 929 947 1002 patrem
966 928 1116 987 advocat:
1138 927 1270 988 Achilles

133 1017 266 1074 matrem
285 1014 320 1072 Il.
339 1014 354 1072 I
374 1016 447 1073 352.
486 1013 612 1090 Cyclops
633 1015 827 1075 Poseidonem
845 1015 948 1091 Odyss.
968 1015 1010 1073 IX
1031 1017 1102 1076 528.
1141 1017 1270 1076 Theseus

134 1104 265 1163 eundem
298 1104 394 1162 deum.
436 1103 539 1180 Eurip.
563 1104 654 1180 Hipp.
680 1105 752 1162 887.
780 1106 878 1178 1169;
911 1106 947 1164 cf.
973 1104 1058 1163 Pind
1087 1104 1203 1182 Olymp.
1227 1105 1271 1162 VI

135 1195 178 1252 58
201 1193 238 1251 de
256 1192 354 1252 Iamo:
383 1188 529 1252 ἐκάλεεεε
547 1188 716 1252 Ποεειδᾶν’
737 1189 899 1268 εὐρυβίαν,
924 1189 963 1252 ὃν
982 1191 1196 1272 πρόγονον,
1221 1191 1272 1254 καὶ

133 1277 324 1355 τοξοφόρον
349 1277 463 1340 Δάλου
491 1276 669 1353 θεοδμάταε
696 1278 815 1341 εκοπόν
836 1329 841 1340 .
862 1329 867 1340 .
889 1329 895 1340 .
914 1282 987 1341 Isth.
1007 1283 1035 1339 V
1061 1284 1100 1340 41
1128 1282 1271 1342 Heracles

133 1372 240 1430 Iovem
263 1372 381 1446 patrem
404 1388 458 1446 pro
483 1370 642 1429 Telamone
662 1373 736 1430 orat.
755 1370 894 1446 Bacchyl.
909 1371 981 1429 XVI
997 1372 1037 1429 53
1062 1372 1153 1431 verba
1173 1371 1270 1430 Minos

132 1461 212 1519 facit
230 1459 268 1518 ad
282 1459 397 1518 Iovem:
425 1454 490 1518 Ζεῦ
513 1453 649 1537 πάτερ,
674 1454 819 1518 ἄκουεον.
856 1454 945 1533 εἴπερ
969 1454 1026 1538 μ[ε
1049 1448 1176 1538 κούρ]α“’
1193 1455 1268 1519 Φοί-

132 1564 225 1609 victu
248 1543 449 1607 λευκώλενοε
472 1543 521 1606 col
543 1543 624 1605 τέκε.
660 1547 727 1606 Huc
750 1549 887 1624 spectant
904 1567 1004 1624 preces
1023 1568 1041 1606 a
1060 1548 1212 1607 sacerdote
1232 1549 1269 1607 ad

133 1639 240 1710 deum,
263 1637 310 1695 cni
334 1639 441 1711 servit,
466 1635 588 1694 effusae:
616 1636 651 1694 of.
667 1636 701 1693 ll.
720 1635 736 1693 Ι
756 1638 796 1694 37
822 1634 948 1712 Chryses
972 1637 1010 1695 ad
1027 1637 1206 1712 Apollinem.
1226 1637 1270 1694 VI

133 1727 201 1786 305
223 1726 344 1784 Theano
364 1727 402 1784 ad
420 1725 579 1784 Athenam.
598 1724 700 1802 Eurip.
715 1725 779 1801 Iph.
795 1725 883 1784 Taur.
900 1727 994 1784 1082.
1012 1727 1096 1784 1398
1115 1725 1271 1803 Iphigenia

132 1815 174 1874 ad
192 1814 389 1873 Artemidem.
427 1814 563 1873 Eundem
581 1815 642 1872 fere
665 1816 697 1872 in
716 1815 838 1872 modum
862 1814 1085 1873 diiudicandum
1110 1817 1167 1889 est,
1191 1816 1270 1890 quod

133 1903 268 1963 Glaucus
293 1903 331 1962 ad
350 1903 522 1980 Apollinem
540 1920 641 1978 preces
659 1903 764 1977 mittit,
783 1905 870 1979 quasi
888 1903 1032 1978 patrium3
1051 1905 1174 1962 venerat
1192 1904 1269 1962 enim

133 1991 267 2052 Glaucus
277 2012 293 2052 e
303 1991 405 2067 Lycia,
418 1994 500 2052 terra
513 1992 569 2051 illa
580 2010 651 2050 vera
664 1991 749 2064 lucis,
763 1992 815 2050 ubi
823 1991 933 2067 Apollo
947 1992 1094 2068 imprimis
1109 1991 1269 2051 colebatur.

132 2083 170 2141 cf.
194 2083 313 2150 Usener,
334 2080 415 2141 (517.
434 2102 462 2158 p.
480 2082 544 2140 190
554 2098 616 2156 sqq.
643 2081 692 2140 Ita
711 2082 828 2156 saepius
847 2081 988 2158 leguntur
1001 2081 1145 2157 exempla,
1164 2082 1269 2156 quibus

130 2171 307 2230 illustratur
331 2169 464 2248 singulos
485 2170 565 2228 viros
589 2188 655 2227 oum
683 2170 737 2230 deo
766 2170 895 2245 quodam
923 2168 1071 2229 artissime
1098 2171 1269 2229 coniunctos

133 2279 212 2320 esse:
241 2260 277 2317 cf.
296 2258 434 2334 Aeschyl.
455 2258 535 2333 Sept.
556 2259 629 2316 448.
667 2258 702 2316 de
726 2257 922 2334 Polyphontis
949 2262 979 2317 et
1001 2258 1104 2334 Eurip.
1123 2256 1214 2334 Hipp.
1234 2258 1270 2317 de

134 2348 300 2426 Hippolyti
325 2349 458 2407 amicitia
483 2366 550 2406 eum
575 2347 674 2405 Diana
697 2347 783 2406 inita.
825 2346 925 2422 Atque
948 2346 1123 2405 Diomedem
1149 2348 1270 2423 eiusque

133 2439 265 2497 maiores
285 2454 352 2495 cum
371 2434 494 2495 Pallade
517 2437 581 2494 arte
605 2437 760 2495 cohaerere
783 2436 963 2512 eodemque
984 2433 1133 2512 Odysseae
1152 2437 1269 2494 vinculo

135 2528 257 2603 privato
277 2545 311 2584 ex
330 2524 442 2584 Iliados
461 2525 608 2584 versibus:
626 2524 655 2580 V
676 2525 747 2583 115.
766 2526 793 2582 X
809 2527 872 2584 284
892 2526 995 2584 elucet.
1030 2524 1098 2584 Huc
1122 2523 1270 2600 quadrant

138 2617 294 2691 praeterea
320 2631 422 2689 preces
445 2613 586 2688 Aeschyli
613 2614 764 2690 mysteriis
792 2614 904 2672 initiati
937 2614 975 2674 ad
1004 2612 1139 2672 Cererem
1168 2613 1268 2671 datae:

143 2702 293 2777 Aristoph.
307 2721 369 2763 ran.
385 2703 448 2761 886
465 2705 495 2761 et
508 2722 535 2760 ν.
547 2703 611 2759 892
627 2701 781 2777 Euripidis
795 2701 898 2761 verba:
918 2698 1010 2776 αἰθὴρ
1022 2695 1114 2780 ἐμὸν
1128 2699 1267 2778 βόσκη-

142 2809 207 2867 μα;
228 2789 358 2849 iudicum
376 2791 414 2850 ad
433 2791 547 2866 Lycum
564 2791 684 2850 heroem
703 2789 739 2847 cf.
759 2808 838 2865 vesp.
859 2791 922 2849 389
943 2809 965 2848 o.
986 2791 1074 2849 schol.
1095 2793 1125 2847 et
1145 2789 1183 2847 ad
1201 2788 1269 2847 Δία

140 2873 301 2954 βούλαιον
319 2881 349 2938 et
366 2874 504 2953 Ἀθηνᾶν
525 2875 678 2955 βουλαίαν
698 2880 734 2937 cf.
749 2877 873 2955 Antiph.
888 2897 919 2937 π.
934 2896 959 2938 τ.
977 2874 1107 2951 Χορευτ.
1123 2879 1174 2935 45.

182 2967 340 3027 Praeterea
364 2969 474 3027 addam
497 2988 616 3029 causam
638 2968 719 3027 haud
742 2968 786 3026 ita
809 2970 896 3044 parvi
922 2967 1066 3027 momenti
1090 2986 1108 3025 a
1130 2966 1269 3038 Nacpcl-

86 3132 88 3137 .
105 3055 182 3115 bocbo
196 3060 226 3116 et
240 3057 309 3115 aliis
323 3056 476 3116 laudatam
493 3059 690 3133 exemplisque
710 3060 904 3116 exstructam:
923 3077 1060 3116 sacrum
1079 3056 1269 3132 quoddam,

86 3275 89 3313 l

108 3145 185 3217 quod
209 3165 278 3204 non
302 3145 454 3205 multum
478 3147 591 3220 abest,
614 3165 755 3222 persaepe
775 3146 813 3204 ad
834 3146 1002 3223 eligendum
1021 3145 1108 3203 deum
1126 3145 1270 3221 impellit:

181 3232 331 3311 Odysseus
354 3237 475 3294 invocat
492 3235 652 3311 nympham
677 3232 780 3310 Odyss.
795 3234 869 3292 ΧΠΙ
888 3234 951 3292 356
971 3232 1131 3309 Aegisthus
1151 3231 1269 3290 easdem

143 3322 206 3383 deas
226 3324 330 3398 Eurip.
346 3323 392 3382 Ill.
408 3325 481 3382 805.
502 3325 537 3382 cf.
558 3322 646 3400 Soph.
661 3324 707 3381 El.
728 3325 800 3382 635.
823 3324 915 3396 1376.
954 3321 1055 3397 Eurip.
1076 3319 1178 3398 Suppl.
1202 3321 1267 3379 init.

142 3410 225 3489 Hipp.
243 3413 315 3471 116.
333 3413 396 3471 522
412 3433 438 3470 v.
453 3434 482 3490 p.
499 3413 571 3471 508.
600 3411 712 3470 Eadem
727 3412 762 3471 de
774 3431 863 3471 causa
876 3412 985 3471 Phocn.
999 3412 1082 3470 1365
1098 3410 1136 3468 ad
1149 3410 1268 3484 Herem,

144 3496 259 3578 βλέψαε
269 3496 351 3575 πρὸ(
361 3495 487 3575 Ἀργοῖ,
500 3503 585 3560 1373
597 3500 635 3559 ad
645 3501 793 3560 Athenam
803 3494 854 3579 (cf.
865 3493 969 3581 schol.)
979 3518 1079 3576 preces
1089 3499 1267 3577 diriguntur.

144 3584 219 3647 Idem
238 3589 342 3648 valent
360 3590 451 3649 verba
468 3590 610 3650 Herodot.
626 3589 685 3646 VH
702 3591 772 3648 191.
793 3588 867 3646 VIII
887 3590 936 3647 64.
962 3587 1092 3648 Socratis
1110 3607 1211 3664 preces
1231 3588 1269 3646 ad

144 3671 263 3736 Panem:
282 3677 359 3736 Plat.
374 3678 499 3738 Phaedr.
516 3681 578 3737 279
599 3678 632 3737 Β.
644 3670 704 3756 0³)
736 3677 838 3750 Neque
858 3677 995 3736 omittam
1013 3677 1104 3734 aliam
1122 3678 1268 3734 rationem

145 3765 216 3838 apud
236 3764 365 3826 Graecos
384 3769 549 3845 vigentem3
574 3768 736 3826 utebantur
754 3767 880 3840 saepius,
900 3785 966 3824 oum
986 3765 1163 3823 dubitabant
1180 3785 1268 3841 quem

112 3909 308 3929 x—-—--

184 4043 208 4109 1)
230 4041 332 4095 Fusius
356 4041 391 4095 de
414 4041 465 4095 illa
488 4044 581 4111 parte,
606 4041 669 4109 quis
693 4042 762 4096 deus
781 4040 958 4109 imploretur,
982 4038 1119 4107 imprimis
1139 4039 1268 4105 Schmidt,

111 4094 124 4149 l«
137 4119 156 4157 t.
168 4108 191 4161 lI
208 4130 235 4180 p.
252 4117 286 4166 34
294 4129 354 4180 sqq.
375 4111 515 4180 disputat3
536 4113 570 4165 de
596 4113 731 4182 exemplis
750 4110 905 4165 Homericis
929 4110 1056 4164 conferas
1075 4111 1268 4180 Naepelsbocq

113 4165 126 4220 1·
139 4172 153 4227 1.
165 4196 189 4248 p.
204 4188 324 4250 orosqq.
346 4183 381 4236 se
399 4183 572 4252 Euripideis:
593 4183 643 4239 1ο.
658 4185 781 4239 occsa:
800 4182 858 4236 aar
880 4182 1023 4251 resonae
1040 4183 1100 4236 aaa
1118 4183 1204 4236 saio
1222 4183 1267 4236 aes

110 4237 242 4318 Euripides
260 4253 335 4324 (Peg.
349 4253 480 4309 Pachim
500 4255 578 4322 rece)
596 4273 624 4324 p.
641 4260 682 4308 ra.
699 4260 739 4309 13.

183 4325 208 4391 2)
227 4325 261 4378 cf.
278 4325 472 4446 Naepelsbceb,
491 4325 508 4377 l.
524 4324 542 4378 l.
559 4343 586 4394 p.
604 4330 662 4380 217.

186 4397 209 4464 3)
230 4393 264 4448 of.
284 4395 338 4448 Phi
351 4395 393 4448 eb.
410 4396 474 4449 65Β
492 4414 515 4450 v.
530 4414 557 4465 p.
574 4401 633 4451 515.
