2760 4876
306 220 347 273 De
367 219 762 289 Graeoomm'precationibus
781 219 966 288 quaestiones.
1160 219 1223 283 531

87 385 267 462 δέχωνται.
304 389 436 464 Xenoph.
460 389 529 447 inst.
549 387 614 464 Cyr.
634 389 708 446 VH]
729 391 757 463 7,
777 390 795 446 3
819 384 883 448 Ζεῦ
907 388 1037 467 πατρῷε
1061 383 1112 446 καὶ
1134 382 1224 446 Ἥλιε

84 474 146 537 καὶ
173 473 294 536 πάντεε
317 473 397 547 θεοί,
426 473 580 550 δέχεεθε
603 473 680 536 τάδε
703 524 709 536 .
730 524 762 536 ..
787 477 895 537 Herod.
915 477 958 534 IV
979 478 1018 535 13
1043 471 1227 549 τάπίδορπα

85 563 250 628 δέξαιεθε.

138 656 249 730 Neque
277 654 577 724 praetermittendum
603 656 677 712 mihi
700 655 832 729 videtur,
856 655 1006 730 quiahoc
1030 654 1094 713 loco
1118 656 1150 710 in
1173 673 1226 710 nu-

32 763 130 803 mero
158 763 263 802 earum
291 744 488 802 formularum
514 763 739 803 commemorem
761 744 885 803 verbum
908 742 1122 816 δωρεῐεθαι,
1148 742 1227 817 quod

31 837 107 892 iam
134 851 230 908 supra
253 831 399 891 Herodoti
422 833 521 891 locum
542 835 668 892 citantes
692 853 720 908 p.
742 834 804 891 527
825 833 1016 910 urgebamus,
1040 833 1159 907 saepius
1181 831 1226 888 in·

32 924 191 982 venimus
210 921 295 979 ssiam
315 940 416 980 vocem
435 924 465 978 et
484 921 518 979 de
538 921 622 981 donis
642 922 705 980 deis
724 921 803 979 datis
823 924 853 979 et
871 921 908 978 ab
928 922 970 979 eis
994 921 1123 996 acceptis
1142 938 1227 978 usur-

31 1014 156 1088 patam
187 1010 219 1068 in
246 1009 382 1085 precibus
412 1010 609 1069 sollemnibus.
647 1009 724 1068 Utar
750 1011 900 1069 nonnullis
929 1010 1125 1084 documentis,
1149 1027 1226 1084 quae

31 1101 124 1160 mihi
144 1101 180 1156 in
198 1101 339 1174 promptu
357 1102 438 1157 sunt:

139 1187 315 1246 HerodotI
335 1187 385 1245 87.
405 1208 432 1246 v.
447 1207 475 1262 p.
492 1188 564 1263 527,
580 1187 639 1244 VII
654 1189 695 1246 54
712 1234 718 1245 .
735 1234 740 1244 .
757 1234 762 1245 .
779 1184 974 1261 ἐοωρεῑτω
995 1187 1084 1263 Soph.
1099 1187 1144 1246 El.
1161 1189 1224 1245 457

87 1273 189 1336 ὅπωε
214 1321 273 1334 ...
299 1270 518 1349 ἀφνεωτέραιε
546 1273 651 1349 χερεὶν
681 1274 847 1351 ετέφωμεν
870 1273 889 1349 ἢ
914 1275 1013 1336 τανῦν
1037 1271 1227 1349 δωρούμεθα

87 1385 138 1427 vs.
158 1366 244 1423 1383
260 1386 287 1424 v.
301 1385 330 1440 p.
347 1366 418 1423 529.
449 1365 550 1439 Eurip.
566 1365 629 1441 Iph.
645 1366 713 1423 Aul.
731 1367 815 1423 1572
831 1365 941 1423 Hecab.
959 1366 1020 1422 537
1043 1410 1070 1422 ..
1087 1410 1093 1422 .
1112 1385 1140 1423 ν.
1153 1365 1226 1439 530,

10 1518 12 1529 ,
89 1455 275 1514 Orest117
302 1450 334 1512 (ὲ
358 1452 463 1511 ταῑεδε
487 1453 635 1527 δωρεῖται
660 1453 752 1526 χοαῑε
772 1455 834 1511 123
860 1449 1014 1526 ὑπιεχνοῡ
1105 1449 1225 1526 δωρή-

90 1559 205 1618 ματα.
233 1542 371 1616 Aeschyl.
386 1541 465 1599 Pers.
483 1543 555 1616 523,
570 1541 657 1599 Plato
672 1542 839 1617 Euthyphr.
857 1540 926 1600 140
944 1537 1063 1601 οὐκοῦν
1082 1538 1120 1600 τὸ
1139 1537 1226 1600 θύειν

90 1627 302 1704 capescens
327 1627 389 1688 ἑετι
413 1630 480 1689 τοῑε
504 1629 597 1701 θεοῐε,
622 1627 660 1689 τὸ
682 1628 718 1689 δὲ
738 1625 881 1703 εὔχεεθαι
906 1625 1005 1689 αἰτεῖν
1024 1627 1100 1689 τοὺ(
1119 1626 1225 1700 θεούς

88 1721 216 1779 Politia.
237 1717 363 1778 23001)
387 1715 438 1777 καὶ
466 1716 526 1791 μὴν
555 1716 606 1778 καὶ
633 1715 670 1778 τὸ
699 1719 764 1778 τῶν
792 1716 905 1793 ἱερέων
935 1714 974 1778 αὖ
1002 1716 1097 1789 γένοε
1121 1715 1165 1777 ὼε
1188 1715 1225 1777 τὸ

93 1805 237 1882 νόμιμόν
261 1824 344 1882 φηει,
369 1803 455 1880 παρὰ
475 1805 532 1880 μὲν
556 1803 702 1881 δωρεὰ(
721 1808 824 1867 θεοῖ(
847 1805 899 1866 διὰ
919 1807 1034 1867 θνειῶν
1055 1803 1226 1879 έπιετῆμόν

92 1894 162 1956 ἐετι
177 1893 258 1955 κατὰ
273 1895 351 1955 νοῦν
367 1892 500 1954 ἐκείνοι(
514 1896 730 1969 δωρεῑεθαι·
746 1916 806 1971 rep.
818 1899 846 1971 3,
858 1897 956 1955 394A
967 1896 1018 1969 (ad
1027 1896 1063 1953 Il.
1073 1895 1088 1952 Ι
1099 1887 1225 1975 34sqq.)

93 1981 125 2046 εἴ
149 2000 179 2044 τι
203 1982 336 2044 πώποτε
361 2031 367 2042 .
389 2030 395 2042 .
416 2031 422 2042 .
446 1979 542 2057 ἱερῶν
571 1980 688 2043 θυείαιε
718 1981 943 2059 κεχαριεμένον
967 1980 1146 2057 δωρήεαιτο
1166 2031 1171 2042 .
1192 2029 1225 2041 ..

92 2074 209 2132 AleH
230 2077 271 2132 10
296 2069 398 2146 έτεροι
427 2068 454 2131 δ’
479 2068 654 2146 ἀναθήμαει
683 2070 921 2147 δωρούμενοι
950 2070 1025 2132 τοὺε
1051 2069 1146 2132 θεοὺε
1175 2067 1225 2130 εὔ-

92 2177 219 2237 χονται.
260 2166 415 2238 praeterea
442 2162 522 2221 locos
551 2180 624 2236 quos
654 2181 668 2219 e
697 2164 819 2237 papyris
848 2163 923 2221 erui:
951 2181 1019 2237 pap.
1049 2181 1126 2237 mag.
1150 2179 1225 2219 mus.

93 2251 193 2328 Lugd.
212 2251 278 2309 Bat.
298 2251 383 2308 1116
409 2247 460 2309 καὶ
489 2247 665 2324 ἐοωρήεω
695 2266 747 2323 μοι
774 2246 833 2323 τὴν
861 2250 919 2308 τοῦ
948 2245 986 2308 ὄν
1015 2265 1071 2308 εον
1100 2249 1224 2319 γνῶειν.

92 2360 166 2416 pap.
185 2341 283 2399 Berol.
301 2339 332 2396 Π
354 2340 415 2396 128
440 2336 547 2412 δῶρόν
576 2355 628 2411 μοι
657 2335 838 2411 έδωρήεω
867 2336 933 2411 τὴν
956 2337 1023 2396 τοῦ
1048 2333 1225 2412 μεγίετου

94 2446 155 2489 (ου
179 2424 339 2501 ὀνόματοε
363 2427 487 2498 γνῶειν.
525 2446 593 2504 pap.
614 2427 680 2485 Par.
700 2447 726 2485 v.
745 2429 807 2485 491
834 2423 1038 2500 θεοοώρητον
1063 2418 1225 2505 (πνεῦμα).

94 2515 231 2591 δώρημα
249 2516 370 2575 deorum
390 2517 500 2576 donum
518 2517 689 2594 significans
709 2517 872 2575 invenitur:
892 2516 995 2591 Eurip.
1014 2515 1131 2573 Heracl.
1153 2516 1225 2572 612.

96 2606 176 2664 Med.
193 2607 265 2664 636.
284 2606 351 2664 Hel.
367 2607 440 2664 883.
459 2605 524 2680 Iph.
540 2606 607 2663 Aul.
626 2607 719 2665 1074.
739 2605 801 2663 Ion.
820 2606 914 2663 1428.

143 2695 341 2753 Transeamus
365 2695 403 2751 ad
427 2696 501 2752 alias
526 2712 645 2767 causas,
669 2693 778 2768 quibus
797 2696 931 2767 petentes
952 2693 999 2750 dei
1020 2694 1150 2769 gratiam
1169 2693 1226 2752 sibi

49 2783 212 2842 conciliare
232 2786 262 2840 et
280 2783 424 2840 auxilium
448 2781 504 2840 sibi
523 2782 673 2841 vindicare
697 2781 831 2840 student:
859 2785 893 2839 ut
916 2783 1057 2857 exemplis
1081 2782 1226 2841 moribus-

40 2891 111 2948 ,qne
131 2890 222 2947 supra
242 2873 342 2929 allatis
361 2873 495 2930 homines
515 2873 545 2929 et
564 2870 648 2930 donis
668 2872 757 2928 antea
777 2870 885 2929 oblatis
905 2873 934 2928 et
948 2872 1026 2929 votis
1044 2873 1149 2946 postea
1168 2871 1226 2928 sol-

50 2960 157 3021 uendis
183 2964 213 3018 et
240 2960 391 3019 sacrificiis
414 2961 446 3018 in
469 2963 639 3036 precatione
664 2961 730 3036 ipsa
753 2959 831 3018 datis
850 2960 933 3035 dem,
957 2962 992 3017 nt
1014 2961 1226 3033 succurrerent,

52 3049 184 3128 obligari
201 3051 354 3125 putavisse
377 3050 561 3122 illustratur,
583 3049 628 3106 ita
647 3069 662 3107 e
681 3049 872 3124 sequentibus
892 3048 1048 3125 apparebit
1066 3048 1227 3106 secundum

52 3158 96 3214 ea,
111 3157 192 3213 quae
202 3138 239 3196 ab
249 3138 418 3196 hominibus
430 3157 525 3212 aequa
536 3140 626 3211 atque
643 3136 725 3194 iusta
733 3139 920 3212 putarentur,
936 3139 1027 3194 etiam
1037 3137 1106 3195 deos
1115 3141 1226 3196 morta-

53 3228 129 3286 lium
158 3230 266 3285 natura
294 3230 324 3285 et
351 3226 483 3285 moribus
512 3227 659 3302 cogitatus
690 3229 807 3284 acturos
836 3243 897 3284 esse
925 3225 1059 3283 homines
1087 3227 1226 3300 antiquos

53 3316 246 3376 existimasse.
284 3316 390 3390 Itaque
414 3333 626 3390 saepenumero
651 3315 804 3373 admoneri
823 3314 892 3373 deos
913 3314 1088 3387 invenimus,
1106 3316 1141 3373 ut
1160 3332 1226 3371 cum

53 3407 144 3464 antea
163 3405 310 3462 auxilium
327 3403 527 3479 praebuerint,
546 3404 592 3461 his
610 3423 727 3478 quoque
745 3404 778 3460 in
797 3403 944 3480 angustiis
964 3403 1115 3460 adiuvent.
1145 3401 1225 3472 Quae

53 3494 203 3553 sententia
229 3494 276 3552 his
304 3493 439 3552 formulis
467 3492 656 3567 exprimitur:
688 3487 780 3565 ἠμὲν
817 3487 953 3566 δήποτ’
980 3538 986 3550 .
1012 3538 1018 3549 .
1044 3538 1049 3549 .
1075 3487 1107 3550 εἴ
1138 3508 1224 3562 που,

55 3577 187 3642 εἴποτε
207 3628 212 3641 .
229 3627 257 3641 ..
277 3579 336 3641 καὶ
360 3581 440 3651 νον;
465 3576 655 3654 πάροι...
676 3573 780 3660 ubal)

144 3669 194 3738 01,
213 3671 248 3728 Il.
272 3671 287 3728 Ι
310 3672 388 3743 453,
412 3670 483 3728 XVI
508 3671 570 3728 236
595 3666 687 3743 ἠμὲν
715 3666 758 3741 δή
787 3665 871 3728 ποτ’
896 3665 971 3743 ἐμεῦ
994 3664 1115 3743 πάροε
1140 3661 1225 3750 (XVI

96 3761 163 3819 236
190 3755 268 3833 ἐμὸν
292 3756 384 3835 ἔποε)
409 3755 517 3818 έκλυεε
547 3754 733 3831 εὐξαμένοιο
758 3753 891 3829 ...ἠδ’
916 3754 969 3817 έτι
993 3755 1052 3816 καὶ
1076 3757 1144 3816 νῦν
1173 3774 1225 3831 μοι

94 3844 165 3910 τόδ’
186 3844 378 3922 ἐπικρήηνον
402 3844 531 3921 ἐέλδωρ.
559 3847 587 3903 V
609 3849 670 3905 116
692 3841 822 3906 εἴποτέ
846 3863 906 3920 μοι
930 3843 989 3905 καὶ
1013 3843 1126 3919 πατρὶ
1145 3843 1226 3920 φίλα

93 3934 285 4014 φρονέουεα
310 3935 466 4010 παρέετηε
487 3982 492 3992 .
513 3983 518 3994 .
540 3982 546 3993 .
570 3934 637 3994 νῦν
662 3930 742 3994 αὖτ’
767 3931 821 4008 ἐμὲ
847 3934 938 4010 φῖλαι
962 3931 1090 4008 Ἀθήνη;
1114 3936 1224 3992 11278

91 4024 113 4102 ἥ
140 4023 181 4086 τέ
211 4043 272 4099 μοι
302 4021 375 4085 αἰεὶ
404 4021 439 4083 ἐν
467 4020 614 4084 πάντεεει
643 4020 766 4082 πόνοιει
791 4021 975 4097 παρίεταεαι
1003 4055 1039 4064 -
1066 4023 1125 4082 νῦν
1149 4018 1225 4082 αὖτε

92 4111 232 4191 μάλιετά
260 4131 297 4188 με
326 4113 417 4189 φῖλαι
445 4109 569 4187 Ἀθήνη.
596 4145 634 4153 -
660 4113 696 4170 cf.
720 4112 822 4188 Eurip.
842 4113 928 4170 Rhea
950 4113 1012 4171 609
1038 4108 1073 4172 ἐν
1100 4109 1224 4172 πόνοιει

48 4246 235 4257 Μ

142 4323 170 4390 1)
190 4320 232 4372 ne
246 4319 297 4372 ina
311 4318 432 4372 formula
446 4317 582 4372 nonnula
596 4317 712 4387 collegit
726 4293 854 4388 erempa
869 4317 1030 4384 aromate
1045 4317 1082 4371 aa
1096 4316 1224 4384 Aeschyl.

41 4401 151 4469 Agam.
169 4397 229 4445 503.
246 4424 279 4430 -
295 4391 488 4461 Nacqelabacb.
506 4391 542 4444 H.
560 4389 624 4443 Tb.3
638 4407 664 4457 p.
681 4394 798 4457 200sqq.
818 4388 853 4441 N.
868 4387 902 4442 Η.
914 4388 968 4447 Th.
984 4407 1010 4456 p.
1022 4394 1082 4442 215.
