2790 4874
311 211 354 266 De
373 210 542 268 Graecorum
560 213 769 285 precationibus
788 213 975 283 quaestiones.
1171 215 1236 281 509

58 402 85 443 ιι.
106 380 177 442 diss.
198 382 232 455 3,
252 383 308 457 21,
329 384 457 458 12sqq.:
483 375 554 443 ἀλλ’
573 377 639 444 ἀπὸ
662 379 790 457 λιμένος
813 381 871 458 μὲν
898 379 1004 445 οὐδεὶς
1024 378 1176 456 ἀνάγεται
1196 383 1235 460 μὴ

59 465 157 532 θύςας
176 469 243 530 τοῖς
258 469 344 531 θεοῖς
363 467 414 531 καὶ
432 469 655 547 παρακαλέςας
673 467 790 533 αὐτούς
806 469 943 548 βοηθοὺς
962 469 1039 534 οὐδὲ
1059 470 1237 548 ςπείρουςιν

60 555 169 620 ἄλλως
184 554 215 619 οἱ
229 554 403 633 ἄνθρωποι,
419 554 445 620 εἰ
460 558 501 634 μὴ
512 558 571 635 τὴν
581 558 757 635 Δήμητραν
772 557 1032 635 ἐπικαλεςάμενοι
1048 558 1237 636 τηλικούτου

60 643 89 709 δ’
110 643 208 723 ἔργου
228 643 396 722 ἁψάμενός
414 666 460 710 τις
479 645 573 712 άνέυ
592 650 677 711 θεῶν
697 644 850 725 ἀςφαλιῖις
869 645 986 724 ἅψεται
1006 647 1056 711 καὶ
1078 647 1109 711 οἱ
1132 647 1237 732 τούτῳ

60 733 250 813 προςιόντεε
276 734 419 812 εὐτυχῶ(
444 734 724 813 προεελεύςονταιι
753 759 779 799 v.
803 738 946 798 Antonin
967 736 1158 800 1111123
1186 712 1237 815 ἐφ’

61 822 157 888 ἅπαςι
178 823 214 886 δὲ
237 823 331 888 θεοὺς
355 823 517 888 ἐπικαλού.
542 825 593 888 καὶ
616 825 656 903 μὴ
677 824 834 903 διαφέρου
858 824 940 902 πρὸς
958 824 996 889 τὸ
1020 825 1109 909 πότῳ
1129 825 1237 911 χρόνῳ

59 915 162 977 ταῦτα
181 910 323 990 πράξεις
348 911 476 991 ἀρκοῖιει
495 913 556 992 γὰρ
576 914 627 977 καὶ
645 917 730 991 τρεῖς
749 912 830 991 ὡραι
848 917 1001 978 τοιαύται.

148 1003 215 1064 Ηοο
234 1007 368 1081 exemplo
382 1006 504 1066 laudato
519 1007 667 1084 progressi
682 1026 782 1067 sumus
797 1007 835 1065 ad
849 1009 985 1084 tempora
999 1007 1059 1067 diei
1072 1009 1238 1084 precat1on1

59 1095 178 1168 idonea,
204 1114 280 1169 quae
305 1097 464 1171 praecipue
490 1098 791 1155 commemorantur
782 1117 815 1154 m
840 1116 962 1155 numero
987 1097 1129 1174 precandi
1154 1116 1237 1172 prae-

59 1186 229 1260 ceptorum,
252 1185 287 1243 cf.
308 1184 384 1242 Plat.
404 1184 481 1263 legg.
501 1185 641 1244 ΧθθἹΕ
666 1185 751 1245 θεοῖς
775 1181 883 1260 εὐχαῖς
907 1182 1238 1260 ττροςδιαλεγομένους

60 1269 112 1333 καὶ
130 1268 285 1343 ἱκετείαιε,
306 1268 368 1332 άνὰ
389 1266 675 1345 ἀνατέλλοντός
697 1292 736 1334 τε
759 1270 872 1352 ἡλίου
897 1267 961 1334 καὶ
985 1271 1151 1354 σελήνης
1174 1267 1238 1333 καὶ

58 1357 158 1442 πρὸς
177 1357 326 1440 δυσμάς
340 1357 484 1422 ἰόντων
502 1359 700 1437 προκυλίςεις
715 1358 780 1435 ἅμα
794 1360 846 1422 καῖ
860 1360 1085 1437 προςκυνήςεις
1100 1359 1235 1425 άκούον·

59 1447 114 1512 τές
133 1467 168 1511 τε
188 1447 240 1511 καὶ
259 1446 467 1525 ὁρῶντες..

150 1539 199 1599 Ad
221 1539 252 1598 id
271 1542 409 1617 spectant
431 1543 523 1599 etiam
545 1509 704 1617 praecepta
727 1533 883 1622 Hesiodi¹)
907 1561 953 1617 op.
974 1543 1037 1601 338
1063 1535 1180 1601 ἄλλοτε
1201 1538 1238 1601 δὲ

59 1629 212 1708 ςπονδῆςι
240 1625 343 1688 θύεςςι
371 1644 405 1689 τε
428 1623 617 1700 ἱλάςκεεθαι,
645 1625 724 1703 ἠμὲν
753 1624 800 1688 ὁτ
824 1625 939 1710 εὐνάζῃ
968 1627 1019 1689 καὶ
1043 1625 1122 1689 ὅταν
1151 1625 1237 1703 φάος

57 1714 150 1793 ἱερὸν
172 1687 263 1797 Ιἔλθῃ
288 1719 324 1777 ο1.
345 1718 380 1776 de
405 1716 539 1778 Socrate:
566 1718 654 1777 Plato
679 1718 779 1794 Symp.
802 1721 865 1778 220
889 1715 908 1778 δ
932 1717 968 1779 δὲ
992 1715 1123 1792 εῖςτήκει
1148 1715 1237 1792 μέχρι

59 1803 123 1867 ἕως
143 1802 273 1976 {strato
292 1804 344 1867 καῖ
361 1801 451 1880 ἥλιος
466 1802 607 1881 ἀνέςχεν.
632 1803 727 1867 ἔπειτ’
744 1803 837 1887 ᾤχετ’
858 1802 962 1867 ἀπιὼν
982 1802 1238 1881 προςευξὰμενος

59 1897 108 1976 τῷ
126 1891 216 1975 ἡλίῳ.

152 1983 241 2045 Sacro
265 1985 318 2043 illo
347 1987 377 2044 et
399 1987 515 2064 magico
538 1988 672 2061 tempore
700 1985 761 2044 diei
782 1985 929 2046 Pindarus
959 2004 1075 2061 quoque
1098 1985 1239 2062 Pelopem

58 2093 179 2152 precem
192 2074 278 2133 illam
287 2075 556 2149 praeclarissimam
566 2074 765 2134 effundentem
773 2075 860 2134 facit:
876 2072 998 2134 01.173
1014 2067 1056 2134 ἐν
1071 2067 1237 2154 (inpuid)

58 2164 193 2238 Xenoph.
212 2183 273 2238 rep.
290 2163 396 2222 Laced.
410 2163 485 2222 XIII
501 2165 563 2222 23
584 2164 620 2221 de
638 2163 770 2241 Lycurgi
789 2164 973 2240 temporibus
992 2165 1143 2223 observat:
1162 2159 1239 2222 Θύει

59 2249 93 2330 (ὁ
116 2248 275 2329 βαςιλεύε)
294 2249 351 2326 μὲν
371 2248 432 2326 γὰρ
457 2252 587 2326 πρῶτον
607 2247 688 2312 οἴκοι
713 2249 760 2312 ὢν
779 2248 834 2311 Διὶ
853 2247 986 2326 άγήτορι
1002 2299 1007 2310 .
1024 2299 1030 2310 .
1046 2298 1052 2310 .
1069 2246 1109 2311 αὐ
1129 2246 1237 2311 θύεται

59 2339 115 2402 Διὶ
139 2337 192 2401 καὶ
210 2335 341 2419 Ἀθηνᾷ.
369 2336 449 2400 ὅταν
473 2338 508 2401 δὲ
532 2336 655 2445 ἀμφοῖν
679 2337 808 2403 τούτοιν
832 2340 902 2400 τοῖν
926 2340 1014 2400 θεοῖν
1038 2339 1237 2414 καλλιερηθῆ,

57 2428 135 2492 τότε
155 2426 309 2534 διαβαίνει
327 2425 456 2504 τάὸρια
475 2429 529 2503 τῆε
550 2426 701 2505 χώρας..
718 2424 825 2489 ,ἀεὶδ
808 2427 852 2501 δ,ὲ
872 2424 952 2490 ὁταν
967 2425 1087 2502 θυηται
1109 2423 1238 2502 ἄρχεται

58 2518 119 2594 μὲν
139 2514 257 2579 τούτου
276 2517 334 2580 τού
358 2515 455 2593 ἔργου
480 2516 527 2578 ἔτι
551 2525 756 2597 κνεφαιος,
776 2514 1015 2594 προλαμβάνειν
1041 2515 1238 2632 βουλομενοε

58 2606 121 2682 τὴν
141 2606 200 2667 τού
219 2607 294 2668 θεοῦ
315 2603 453 2668 εὔνοιαν
455 2601 481 2689 )

153 2695 296 2773 Exempla
314 2699 520 2774 precationum
538 2697 729 2756 collectarum
748 2697 944 2771 perlustranti
963 2700 1054 2772 atque
1069 2698 1239 2773 disponenti

60 2785 175 2844 mirum
197 2784 324 2861 videtur,
351 2805 440 2862 quam
458 2803 597 2860 paucus
624 2786 816 2845 inveniantur
840 2786 1114 2860 mulctationes.
1153 2784 1240 2854 Quod

58 2891 156 2952 genus
168 2875 372 2949 precationum
383 2878 413 2935 et
422 2878 538 2951 spectat
548 2875 587 2934 ad
596 2876 739 2935 maiorem
749 2874 918 2951 opinionem
929 2873 1151 2933 consuetudinis
1161 2875 1239 2932 inter

57 2963 130 3022 deos
151 2964 181 3021 et
198 2963 331 3024 homines
350 2965 446 3024 inItae
465 2967 495 3023 et
513 2965 686 3041 plerumque
705 2965 823 3040 hymnis
843 2967 873 3023 et
892 2964 1073 3023 carminibus
1093 2963 1238 3022 choriacis

57 3053 242 3129 explicatur,
264 3054 299 3111 ut
316 3053 514 3127 Nocpclsbacb
537 3056 616 3112 recte
639 3055 678 3112 N.
698 3055 738 3112 H.
761 3055 812 3112 Tb.
831 3074 859 3129 p.
881 3055 944 3111 214
965 3053 1058 3112 affert.
1078 3085 1122 3094 —-
1150 3051 1239 3127 Apud

56 3141 255 3201 Homerum
272 3142 401 3220 vestigia
420 3141 574 3218 quaedam,
593 3144 628 3200 ut
646 3142 690 3201 ita
709 3142 815 3215 dicam,
835 3144 965 3201 exstant:
985 3143 1020 3200 cf.
1041 3140 1145 3218 Odyss.
1165 3141 1240 3199 XIII

58 3231 135 3304 356,
154 3229 208 3289 ubi
223 3227 372 3305 Odysseus
390 3234 459 3306 post
477 3231 606 3291 reditum
625 3231 771 3307 nymphas
790 3232 836 3290 ita
853 3229 991 3306 precibus
1009 3230 1086 3289 adit:
1106 3225 1239 3303 ‘vitutum

57 3314 204 3392 νηιάδες,
241 3317 352 3392 κοῦραι
383 3316 479 3390 Διός,
513 3314 551 3379 οὐ
584 3315 655 3379 ποτ’
691 3316 755 3391 ἐγώ
789 3335 826 3391 γε
858 3313 968 3392 ὄψεςθ
997 3313 1068 3392 ὔμμ’
1099 3312 1239 3394 ἐφάμην·

151 3543 177 3610 1)
198 3541 232 3594 ο1.
249 3541 378 3609 Schmidt,
397 3543 414 3596 l.
430 3543 448 3595 l.
463 3543 526 3612 IIp
529 3549 584 3597 31
609 3542 687 3596 etal

150 3613 177 3682 2)
150 3611 240 3667 2Ι)ο
257 3584 405 3668 Persarum
423 3630 500 3670 moro
507 3561 558 3670 pcf
573 3614 706 3668 Herodot.
721 3613 772 3668 VII
787 3619 821 3668 14
842 3616 881 3668 ὡς
899 3614 961 3668 δὲἑ
962 3631 1018 3667 παν
1019 3615 1110 3666 έτελλε
1129 3613 1145 3665 δ
1165 3614 1241 3677 ἥλιος

55 3686 185 3740 ςπένδυιν
204 3685 237 3738 ἑκ
254 3687 370 3752 χρυςέηε
383 3687 484 3752 φιάλης
502 3687 606 3753 Ξέρξη(
625 3688 652 3740 ἐς
665 3689 718 3752 τὴν
737 3687 870 3739 θάλαςςαν
890 3687 987 3748 εὐχετο
1005 3685 1075 3750 πρὸς
1092 3684 1143 3736 τὸν
1162 3685 1240 3734 {tirou

55 3755 196 3820 μηδεμίαν
216 3755 242 3808 οἱ
256 3756 402 3820 (υντυχίην
416 3758 549 3821 τοιαύτην
563 3759 722 3821 γενέςθαιμ
736 3756 787 3808 ,ο1
802 3754 867 3809 Tac.
882 3755 947 3808 hist
963 3761 988 3823 3,
1004 3761 1051 3820 24,
1070 3753 1119 3808 ubi
1134 3753 1238 3807 milites

54 3824 191 3892 Romani,
210 3826 260 3893 qui
280 3842 294 3879 e
314 3826 395 3894 Syria
412 3830 555 3893 venerant,
575 3828 728 3882 secundum
747 3827 867 3881 eundem
885 3843 991 3880 morem
1006 3825 1093 3879 solem
1108 3825 1239 3878 adorant:

55 3868 222 3952 orientem
240 3899 340 3952 solem
358 3901 427 3966 (at
415 3917 426 3952 ι
445 3901 481 3952 ia
499 3898 600 3969 Syria
618 3914 688 3953 mos
707 3916 738 3953 es
743 3903 770 3966 t)
743 3900 882 3953 ttsalu
871 3905 988 3953 t.ooere

152 3969 179 4036 3)
199 3967 233 4021 cf.
255 3969 362 4035 Usener,
383 3969 416 4023 G.
432 3971 505 4038 Np
507 3975 580 4023 ,336
600 3971 697 4024 ιιο19

150 4041 180 4107 4)
200 4037 236 4092 ο1.
260 4040 368 4107 Usener,
389 4040 422 4094 G.
437 4041 585 4110 Ν.ρ.185
604 4043 661 4094 not.
678 4046 719 4094 24
741 4045 791 4095 187
811 4042 868 4094 not
885 4045 981 4093 25—
1000 4037 1239 4092 Wellhausen:

54 4111 141 4166 Recte
161 4111 239 4164 arab.
256 4081 444 4166 Heidcritams
479 4112 545 4166 edit.
566 4110 649 4181 altp
652 4118 737 4166 .:11o
765 4111 823 4178 „sie
847 4109 945 4181 opfern
964 4110 1028 4164 dem
1046 4109 1241 4180 Morgenstem

55 4181 110 4236 das
131 4180 216 4234 Beste
235 4182 285 4235 der
302 4182 409 4236 Beute“
411 4185 502 4266 ,sagt
520 4182 660 4250 Nilus„.
700 4200 767 4237 ιιιιι
765 4154 906 4237 ”11οὐι1οιι
925 4181 1027 4235 schdne
1046 4181 1173 4247 Knaben,
1192 4180 1244 4234 auf

24 4356 27 4362 .
56 4254 552 4379 21911113111111
553 4253 1240 4392 111111111111111111ῑὲἓὲ

55 4341 115 4450 Ioci
137 4343 513 4466 Sonneiiaufgangp..
803 4343 822 4394 g
1124 4342 1143 4393 g
