2790 4874
342 202 384 257 De
403 202 572 258 Graecorum
590 203 800 273 precationibus
819 204 1006 272 quaestiones.
1200 203 1266 268 513

134 374 278 451 precatur
297 372 376 431 huno
394 373 426 430 in
445 373 579 432 modum:
605 368 632 431 ιῙι
651 368 724 432 Ζεῦ
749 369 809 432 καί
827 368 967 448 Ἀθηνᾶ
990 368 1050 432 καί
1068 367 1273 446 Ἄπολλον,
1375 370 1381 380 ’

137 459 226 522 ἐθῶν
245 455 427 535 ἀνθρώπων
448 457 613 522 ἐπίεκοποι
629 481 634 519 ;
651 508 657 519 .
673 454 707 543 ,1)

183 551 342 609 Enumero
354 551 480 610 allorum
491 551 613 611 deorum
623 552 846 626 advocatorum,
856 569 929 627 quos
938 570 1040 610 omnes
1048 551 1181 629 singulos
1191 571 1274 610 enar-

136 659 205 700 rare
218 658 470 717 supervacaneum
478 640 607 716 videtur,
622 642 656 698 et
666 639 902 699 Poseidouem
913 637 1018 716 Odyss.
1028 640 1075 698 III
1086 641 1135 698 55.
1147 640 1190 697 IX
1201 641 1275 714 598,

135 727 375 788 Artemidem:
399 727 503 804 Odyss.
522 729 577 786 XX
598 730 640 787 60
665 729 851 805 nymphas:
877 726 981 804 Odyss.
1001 728 1075 787 XIII
1095 729 1168 787 355.
1187 728 1275 786 XVII

137 820 206 878 940
225 819 264 877 et
281 819 405 877 rituales
419 817 488 877 illas
502 818 646 878 formulas
660 836 895 892 commemorem,
914 817 1021 894 quihus
1041 818 1103 878 deis
1122 817 1274 879 advocetis

139 908 181 968 ad
194 908 282 985 longe
297 907 388 966 uliam
403 908 553 983 quandam
568 909 597 966 et
611 908 772 986 genuinam
785 909 816 966 et
825 908 979 985 vulgarem
993 909 1099 966 seriem
1111 907 1234 966 deorum
1244 909 1275 965 et

138 998 228 1074 quasi
242 1015 261 1054 a
275 999 380 1055 cetenis
393 996 559 1056 rationibus
574 996 739 1055 carminum
752 995 928 1056 Homericae
944 996 1052 1056 aetatis
1068 997 1196 1056 alienam
1210 997 1274 1056 des-

136 1084 300 1146 cendimus.
337 1085 371 1144 Il.
390 1085 437 1143 HI
462 1087 598 1161 276sqq.
623 1081 696 1145 Ζεῦ
720 1080 821 1158 πάτερ
845 1080 967 1158 Ἴδηθεν
991 1082 1127 1159 μεδέων,
1152 1081 1275 1145 κιίδκτε

136 1171 277 1249 μέγιετε,
306 1169 434 1247 ἠέλιοι
458 1169 486 1234 δ’
513 1171 549 1234 ὃ(
575 1169 668 1233 πάντ’
695 1169 818 1252 ἐφορᾷ(
843 1170 894 1233 καί
920 1169 1005 1233 πάντ
1030 1170 1198 1235 ἐπακούει(
1223 1171 1275 1234 καὶ

136 1259 306 1338 ποταμοὶ
334 1259 394 1321 καὶ
423 1261 513 1334 γαῖα
538 1259 590 1322 καὶ
620 1258 656 1324 οἳ
681 1259 868 1338 ὑπένερθε
896 1259 1056 1336 καμόντα(
1082 1258 1274 1338 ἀνθρώπουε

136 1348 318 1413 τίνυεθον
338 1346 404 1412 ὅτι(
423 1347 450 1411 κ’
470 1347 622 1426 ἐπίορκον
641 1347 767 1431 ὀμόεῃ.
794 1355 824 1411 et
842 1352 912 1410 XIX
928 1353 991 1411 958
1010 1346 1086 1412 ἴετιιι
1105 1351 1164 1412 νῦν
1179 1347 1274 1411 Ζεὺε

137 1441 266 1516 πρῶτα,
300 1439 383 1501 θεῶν
412 1435 534 1501 ὕπατοι
567 1438 618 1499 καὶ
646 1436 784 1514 ἄρκτοι,
819 1438 838 1498 Γ
845 1440 865 1513 ἡ
897 1456 933 1500 τε
965 1437 1016 1499 καί
1044 1436 1190 1500 Ἠέλιοε
1223 1437 1274 1499 καὶ

136 1525 175 1590 Ἐ
181 1525 322 1604 ρινύεε,
343 1525 374 1590 αἳ
390 1524 416 1587 θ’
432 1525 496 1589 ὑπὸ
511 1529 605 1601 γαῖαν
620 1523 814 1603 ἀνθρώπου(
827 1524 977 1599 τίνυνται,
997 1524 1064 1590 ὅτι(
1079 1524 1106 1587 κ’
1121 1525 1274 1603 ἐπίορκον

138 1611 265 1700 operes

184 1611 286 1786 Longb
306 1708 394 1766 aliter
411 1726 457 1766 res
476 1708 616 1766 sehabet
634 1707 797 1785 posteriore
817 1709 928 1781 aetate,
953 1708 1033 1784 apud
1051 1710 1163 1784 poetas,
1182 1709 1274 1784 tragi-

90 1816 142 1858 cos
162 1799 195 1856 et
213 1799 340 1857 comicos
360 1815 433 1872 quos
453 1796 572 1872 quidem
590 1800 748 1874 praecipue
768 1796 939 1856 adhibeam:
958 1795 1099 1872 permulti
1118 1796 1166 1854 dei
1184 1797 1275 1871 atque

90 1887 166 1946 deae
190 1887 381 1960 invocantur,
407 1886 518 1964 singurli
541 1889 572 1944 et
594 1886 757 1959 coniuncti,
783 1885 860 1943 sicut
883 1885 1066 1962 argumentis
1089 1885 1275 1962 singularum

91 1975 267 2035 fabularum
289 1975 468 2051 postulatur.
511 1973 574 2043 Quo
600 1973 648 2049 fit,
673 1977 709 2033 ut
735 1974 814 2050 apud
837 1973 1018 2050 Aeschylum
1043 1976 1074 2032 et
1099 1973 1274 2051 Sophoclem

92 2065 271 2140 plerumque
290 2063 338 2122 dei
356 2064 445 2122 inferi
464 2066 494 2122 et
511 2064 613 2140 patrii,
631 2066 741 2123 monui
760 2063 954 2122 advocentur:

185 2153 266 2230 Sept.
284 2153 324 2211 69
341 2147 367 2210 ὡ
382 2148 447 2211 Zeis
461 2169 496 2212 τε
511 2149 562 2211 καὶ
577 2149 616 2225 Γῆ
632 2149 683 2211 καὶ
697 2151 901 2226 πολιεεοῦχοι
921 2149 996 2222 θεοὶ,
1016 2147 1094 2225 Ἀρά
1108 2147 1135 2210 τ’
1151 2147 1274 2224 Ἐρινὺε

138 2239 263 2316 πατρὸς
281 2236 301 2313 ἡ
321 2237 522 2314 μεγαεθενήε.
562 2240 689 2317 Ohoeph.
707 2244 723 2298 1
744 2237 842 2314 Ἑρμῆ
862 2237 978 2313 χθόνιε.
998 2261 1025 2298 v.
1043 2242 1114 2298 194.
1136 2241 1198 2298 139
1224 2237 1275 2299 καὶ

139 2328 176 2391 cir
191 2326 281 2390 κλῦθί
296 2346 367 2405 μου,
380 2325 490 2404 πάτερ.
505 2350 532 2390 v.
549 2332 622 2389 479.
642 2330 727 2388 Eum.
744 2330 806 2389 115
822 2323 849 2388 ιίι
864 2324 945 2389 κατὰ
960 2325 1077 2403 χθονόε
1091 2325 1169 2388 θεαί,
1185 2328 1273 2405 Soph.

139 2419 188 2477 Αἱ.
203 2421 265 2478 831
284 2414 366 2478 Ζεῦ.
378 2465 383 2476 .
396 2419 577 2492 Ιπομπαῖον
592 2415 709 2493 Ἑρμῆν
725 2466 731 2478 .
748 2465 754 2478 .
770 2465 776 2477 .
792 2418 914 2492 ταχεῖαι
934 2414 1075 2491 ποίνιμοί
1092 2413 1118 2478 τ’
1133 2413 1274 2492 Ἐρινύεε

142 2503 524 2579 ...Ἥλιε...θάνατε,
545 2504 803 2568 Θάνατε...ΕΙ.
825 2509 864 2565 67
886 2502 912 2566 ὧ
936 2508 1072 2587 πατρῷα
1090 2507 1129 2581 γῆ
1155 2503 1224 2566 θεοί
1247 2501 1274 2564 τ’

144 2593 300 2671 ἐγχώριοι.
331 2599 395 2656 110
414 2591 440 2655 ιίι
460 2597 552 2669 δῶμα
570 2593 677 2657 Ἀίδοιι
696 2594 748 2656 καὶ
766 2592 985 2670 Περεειρόνηε,
1010 2591 1036 2655 ὠ
1056 2591 1156 2670 χθόνι’
1176 2593 1273 2670 Ἑρμῆ

146 2681 197 2742 καὶ
214 2681 315 2744 πότνι’
334 2680 412 2759 Ἀρὰ
432 2682 540 2758 (εμναί
558 2702 593 2745 τε
612 2685 696 2744 θεῶν
716 2685 828 2744 παῖδε(
847 2679 996 2757 ἘρινιίεεΙ
1015 2705 1043 2742 v.
1059 2682 1093 2746 0.
1109 2684 1140 2743 0.
1156 2686 1207 2744 84.

191 2772 226 2831 In
237 2772 387 2851 EuripidIs
402 2776 432 2833 et
441 2773 650 2852 Aristophanis
664 2774 774 2832 fabulis
783 2775 857 2832 item
866 2773 954 2831 multi
964 2790 999 2831 ac
1008 2774 1085 2832 varii
1095 2773 1144 2831 dei
1158 2776 1188 2831 et
1202 2773 1274 2831 deae

147 2862 322 2922 invocantur
335 2866 366 2922 et
379 2865 510 2922 maxima
524 2867 555 2923 et
572 2864 715 2922 inferiora
729 2865 860 2938 nummu,
875 2881 951 2937 quae
966 2880 1138 2921 enumerare
1152 2862 1275 2939 longum

147 2952 197 3026 est,
206 2970 343 3028 quaeque
352 2953 436 3012 nullo
445 2953 532 3011 modo
543 2956 624 3012 certa
634 2953 763 3028 quadam
770 2954 887 3011 ratione
895 2951 1103 3028 comprehendi
1112 2941 1274 3027 possunt.³)

186 3092 251 3152 lem
269 3113 339 3153 vero
358 3095 431 3154 setis
455 3113 601 3171 superque
624 3095 699 3152 mihi
722 3095 834 3153 dictum
857 3094 976 3152 videtur
998 3096 1030 3152 in
1048 3095 1221 3152 universum
1240 3092 1275 3150 de

110 3180 252 3251 generibus
278 3187 496 3260 precationum,
524 3184 559 3243 de
585 3185 736 3244 occasione
762 3183 916 3258 precandi,
943 3182 979 3240 de
1004 3182 1061 3240 diis
1087 3181 1275 3257 potissimum

112 3302 313 3318 z*—

189 3390 213 3457 1)
236 3389 369 3444 Fortasse
387 3390 434 3443 hic
453 3388 552 3445 afferre
571 3389 639 3443 licet
661 3388 743 3443 haec:
767 3388 896 3456 Aeschyl.
916 3388 995 3440 Eum.
1017 3392 1075 3447 7661
1091 3387 1136 3440 καί
1160 3404 1201 3439 τιε
1221 3387 1274 3439 Ἑλ-

111 3454 191 3520 λήνων
204 3462 268 3529 ἐρεῖ,
289 3461 424 3527 ’Ἀργείας
438 3463 510 3528 ἀνὴρ
525 3463 602 3515 αὖθι(
616 3464 646 3514 ἔν
660 3478 691 3514 τε
706 3463 838 3527 χρήμαειν
853 3461 921 3514 οἰκεῖ
934 3461 1084 3528 πατρῴοιε,
1098 3459 1275 3512 Πάλλαδοε

111 3528 148 3578 καί
164 3531 280 3587 Λοξίου
305 3534 382 3586 ἕκατι
404 3536 449 3586 καὶ
471 3539 523 3586 roll
546 3534 638 3586 πάντα
661 3532 822 3598 κραίνοντοε
845 3531 961 3598 τρίτου
986 3533 1148 3596 εωτῆροε,
1171 3529 1202 3582 δε
1224 3545 1275 3582 πα-

111 3603 191 3666 τρῷον
209 3602 339 3658 αίδεεθελε
358 3605 444 3670 μόρον
459 3607 536 3674 εῴζει
556 3620 588 3669 με
607 3605 711 3670 μητρδε
728 3604 826 3656 τούεδε
845 3602 988 3655 (υνδίκουε
1005 3599 1102 3668 δριθνῗ.
1127 3601 1156 3652 et
1173 3598 1273 3652 Iulian.

113 3670 170 3725 ⁰18t.
183 3668 234 3727 VII
248 3675 286 3744 (9)
297 3672 360 3728 990
375 3677 419 3728 καί
434 3676 450 3728 ὁ
464 3675 612 3742 νεανίεκοε,
633 3675 703 3727 Ἀλλ’
717 3674 740 3727 ds
756 3674 871 3740 μέγιετε,
891 3674 975 3740 εἶπεν,
996 3673 1072 3725 Ἥλιε
1085 3674 1130 3725 καί
1146 3672 1274 3737 Ἀθηνᾶ,

112 3737 136 3789 tt
153 3759 181 3796 τε
202 3749 247 3798 καί
271 3748 358 3800 αὐτὸν
382 3746 600 3813 ἐπιμαρτύρομαι
618 3747 680 3798 τον
700 3745 764 3798 Δία
782 3745 881 3811 χρῆεθὲ
901 3761 946 3807 μοι
964 3744 1034 3810 πρὸ(
1052 3743 1067 3794 ὃ
1087 3759 1120 3808 με
1139 3743 1273 3806 βούλεεθε.

188 3816 215 3885 9)
234 3815 371 3870 Similiter
385 3815 432 3869 dei
446 3815 665 3885 coniunguntur:
681 3815 780 3868 Aesch.
792 3815 931 3868 Prometh.
942 3819 1042 3882 88sqq.
1059 3812 1093 3866 cf.
1106 3814 1209 3880 Messes,
1223 3811 1242 3866 l.
1253 3811 1271 3866 l.

111 3888 201 4010 {bitte
218 3891 259 3942 75.
280 3888 418 3954 Ζίεδανίίι,
437 3886 455 3941 l.
470 3887 488 3941 l.
504 3906 530 3956 p.
548 3893 581 3940 99
589 3904 651 3955 sqq.
673 3887 779 3953 Hirael,
798 3888 858 3941 Der
872 3887 932 3941 Eid
947 3890 1007 3939 197.
1026 3886 1132 3956 Papyr.
1151 3883 1276 3954 Ocyrbl

158 3971 172 4009 e
202 3963 244 4012 49.

110 4091 116 4104 .
188 4031 214 4099 9)
232 4029 341 4097 Neque,
358 4032 392 4084 ut
410 4028 447 4083 ad
465 4029 549 4084 finem
567 4028 752 4098 praefationis
770 4028 941 4097 perveniam,
962 4026 1074 4096 planius
1094 4025 1128 4079 de
1148 4025 1275 4079 formulis

108 4091 167 4164 lllis,
183 4103 256 4154 θεῶν
274 4118 325 4170 ric,
344 4104 403 4156 θεοί
420 4103 523 4156 πάντες
541 4105 585 4156 καί
599 4106 680 4155 πθεαι
695 4116 785 4169 περιτο
801 4101 836 4154 de
854 4099 994 4153 similibus
1014 4097 1160 4152 sententiis
1176 4096 1275 4151 seriem

107 4163 214 4224 deornm
228 4171 455 4226 advocandorum
469 4171 687 4237 continentibus,
701 4174 735 4225 ut
747 4175 805 4227 θεοὶ
821 4175 907 4226 κοινοὶ
922 4169 1047 4223 Herodot
1057 4168 1095 4222 IX
1105 4175 1139 4223 90
1154 4168 1275 4237 saepius,

106 4236 234 4296 disserere
247 4243 318 4296 mihi
333 4244 474 4312 proposui
503 4243 545 4297 De
560 4243 717 4297 oratoribus
732 4243 767 4297 of.
784 4245 887 4310 Messes,
906 4242 923 4295 l.
939 4241 956 4294 l.
972 4259 998 4310 p.
1012 4246 1064 4295 460
1084 4244 1113 4295 et
1127 4239 1273 4309 appendic.

104 4326 129 4379 p.
143 4317 201 4367 674.
217 4318 250 4368 ”lt
271 4317 300 4368 et
318 4315 488 4382 Kuchalee'a,
513 4315 545 4369 de
567 4317 597 4368 αι’
614 4321 640 4369 et
656 4331 710 4370 usa
725 4315 860 4383 precandi
877 4320 902 4368 et
919 4314 1036 4367 iurandi
1052 4312 1180 4378 formulis
1199 4312 1276 4380 opud

103 4381 186 4439 doen
204 4391 324 4441 oratores
337 4387 450 4442 Atticos.
483 4386 549 4456 Pro.
565 4386 704 4442 Neuetodt
717 4405 743 4441 α.
759 4386 784 4440 d.
801 4387 838 4440 Η.
856 4389 924 4440 1889
939 4402 966 4453 ρ.
982 4388 1006 4438 9,
1023 4389 1064 4438 94.
1081 4389 1122 4437 96.
1138 4388 1180 4436 49,
1196 4388 1238 4437 49.
