2760 4876
349 218 391 273 Dc
410 217 579 273 Graecorum
596 220 806 289 precationibus
825 221 1011 291 quaestiones.
1211 221 1275 286 527

172 379 175 383 ’
199 385 311 446 Summi
329 389 473 446 momenti
491 407 553 448 esse
572 389 646 448 milri
664 389 802 448 videntur
820 389 877 448 duo
895 389 968 465 loci,
991 389 1042 465 qui
1061 389 1099 447 ad
1117 391 1194 449 hanc
1212 410 1275 450 sen-

125 476 233 535 teutiam
251 475 408 551 quadrant,
427 477 479 534 ubi
497 476 533 536 de
551 481 645 537 morte
665 477 766 537 croesi
788 480 867 555 regis
891 479 993 554 agitur
1011 497 1029 536 a
1048 479 1226 554 Bacchylide
1247 481 1276 554 3,

128 567 160 624 35
176 565 216 624 his
234 564 345 624 verbis:
363 569 452 640 poeta
470 585 570 642 regem
589 567 621 624 in
637 567 807 642 Apollinem
825 567 1013 625 invehentem
1032 567 1159 626 inducit:
1179 563 1274 641 ὑπέρ-

128 655 163 728 βιε
183 652 293 726 δαῖμον
316 652 381 712 ποῦ
405 653 488 713 θεῶν
513 651 596 714 ἐετιν
620 651 721 729 χάρις
746 656 810 715 ποῦ
833 652 869 714 δὲ
893 651 1049 716 Λατοίδα(
1073 650 1160 726 ἄναξ,
1185 659 1275 732 etque

127 742 275 801 Herodotus
291 745 320 817 1,
335 743 376 800 87
393 743 516 802 eandem
534 763 597 802 rem
616 749 826 803 commemorat
843 746 920 803 hanc
938 747 970 802 in
984 745 1176 803 sententiam:
1196 740 1274 804 ἐπι-

127 827 293 905 βώιαιθαι
322 828 380 890 τὸν
407 827 599 892 Ἀπόλλωνα
632 829 949 906 ἐπικαλούμενον,
983 830 1015 894 ἐξ
1050 829 1149 893 αὐτοῦ
1182 829 1273 893 ἐδω-

68 963 69 966 *
126 915 200 992 ρήθη
222 920 463 993 παραετῆναι
487 918 537 979 καὶ
561 917 741 994 ῥύεαεθαί
761 938 818 995 μεν
838 919 872 981 ἐκ
891 922 949 981 τοῦ
968 919 1148 996 παρεόντοε
1167 921 1274 981 κακοῦ.

126 1006 206 1076 cul?
240 1009 347 1067 Nonne
365 1010 412 1067 his
431 1011 611 1069 testimoniis
630 1012 851 1070 demonstratur
867 1012 960 1069 fuisse
983 1010 1192 1088 pervulgatam
1212 1030 1274 1069 sen-

125 1099 231 1156 tentiam
255 1096 396 1156 Croesum
419 1118 520 1176 regem
542 1102 574 1157 in
599 1119 672 1178 rogo
701 1101 833 1158 fumante
863 1100 899 1158 ad
922 1099 1094 1175 Apollinem
1121 1103 1275 1175 precatum

125 1187 332 1262 esseatquedeo
343 1187 485 1246 obiecisse
499 1189 586 1247 illum
599 1189 696 1248 hocin
711 1190 878 1248 discrimine
893 1207 1061 1248 succurrere
1076 1188 1190 1262 debere,
1209 1208 1275 1248 cum

69 1287 70 1319 1
125 1277 195 1334 antea
211 1278 259 1334 tot
277 1275 423 1334 sacrificia
441 1276 624 1353 accepisset?
660 1279 787 1337 Etiamsi
806 1297 865 1336 non
884 1279 958 1336 satis
977 1279 1065 1354 plane
1084 1279 1205 1355 probari
1222 1298 1275 1354 po·

124 1364 169 1422 test
192 1383 307 1440 precem
334 1367 430 1440 ipsam
457 1367 519 1425 illis
546 1367 729 1443 temporibus
756 1369 788 1424 in
817 1369 957 1442 promptu
985 1366 1089 1441 fuisse,
1116 1370 1218 1425 tamen
1241 1386 1275 1424 ex

123 1449 249 1512 Herodoti
267 1453 365 1512 verbis
389 1455 485 1513 elucet
508 1456 686 1514 sententiam
709 1456 794 1513 illam
813 1457 902 1529 atque
926 1455 1069 1512 formulas
1088 1455 1156 1514 illas
1175 1456 1274 1532 legiti-

123 1543 279 1601 mas-ad
298 1536 326 1601 εἴ
344 1560 372 1601 τι
391 1543 427 1601 cf.
444 1538 472 1601 εἴ
490 1560 563 1614 που,
584 1538 613 1602 εἴ
631 1560 710 1603 ποτε
729 1564 757 1619 p.
774 1545 836 1601 526
853 1543 888 1601 de
908 1539 1085 1617 χαρίζεεθαι
1100 1545 1137 1602 cf.
1151 1543 1273 1602 11.139

123 1622 145 1707 εἴ
162 1627 234 1690 ποτέ
263 1647 312 1690 τοι
341 1627 508 1704 χαρίεντ’
534 1628 585 1691 ἐπὶ
608 1628 688 1704 νηὸν
712 1628 822 1706 ἔρεψα,
843 1630 947 1708 Odyss.
966 1632 1036 1689 XIX
1056 1634 1118 1692 397
1143 1634 1188 1711 τῷ
1212 1629 1273 1706 γὰρ

122 1715 355 1792 κεχαριεμένα
375 1715 457 1794 μηρί’
473 1716 577 1780 ἔκαιεν
596 1715 705 1795 ἀρνῶν
723 1717 773 1794 ἠδ’
793 1717 928 1796 ἐρίφων;
949 1716 1018 1779 ὁδέ
1037 1716 1067 1779 οἱ
1087 1718 1274 1794 πρόφρων

122 1799 154 1878 όμ
174 1802 294 1881 ὀπήδει.
330 1807 481 1891 Aristoph.
501 1828 565 1886 pac.
582 1812 644 1868 386
666 1812 701 1868 cf.
721 1811 853 1886 Xenoph.
873 1810 964 1885 Hipp.
983 1808 999 1865 I
1020 1812 1036 1866 1
1062 1808 1193 1882 πρῶτον
1218 1807 1275 1881 μὲν

122 1890 224 1956 θύοντα
248 1893 307 1970 χρὴ
333 1892 482 1957 αἰτεῖεθαι
506 1895 600 1957 deod(
624 1898 724 1957 ταῦτα
748 1896 871 1959 διδόναι
891 1946 897 1956 .
914 1945 920 1956 .
937 1944 943 1955 .
963 1893 1019 1971 ἀφ’
1044 1891 1091 1956 ὧν
1110 1897 1195 1957 θεοῑε
1217 1894 1274 1970 μὲν

121 1983 461 2060 κεχαριεμενώτατα
494 1980 620 2060 ἄρξειαε
648 1983 688 2046 ἂν
717 2035 722 2045 .
749 2035 755 2046 .
781 2034 786 2045 .
815 1987 910 2045 Pluto.
940 1986 1089 2062 Euthyph.
1117 1986 1192 2044 14Β
1218 1981 1275 2045 ἐὰν

120 2067 166 2141 μὲν
186 2071 437 2148 κεχαριεμένα
460 2093 506 2135 τι(
531 2071 691 2150 ἐπίετηται
715 2076 782 2136 coir
806 2076 891 2135 θεοῑε
916 2070 1020 2146 λέγειν
1043 2090 1078 2134 τε
1101 2071 1153 2134 καὶ
1173 2070 1273 2148 πρότ-

120 2174 172 2219 τειν
194 2159 368 2236 εὐχόμενόε
392 2180 426 2222 τε
451 2160 500 2223 καὶ
519 2161 606 2224 θύων
626 2211 676 2223 ..,
696 2165 809 2241 republ.
826 2167 855 2239 3,
871 2164 973 2223 394Α
993 2157 1042 2243 (de
1061 2163 1126 2220 Π.Ι
1146 2153 1273 2242 37sqq.)

68 2258 70 2317 ι
119 2241 147 2306 ἐν
165 2246 258 2325 ἱερῶν
287 2248 404 2311 θυείαιε
432 2249 708 2326 κεχαριεμένον
734 2250 920 2326 δωρήεαιτο.
959 2249 1031 2309 crit.
1056 2250 1155 2310 1191)
1181 2246 1273 2310 ἐπευ-

118 2332 232 2412 ξάμενοι
265 2343 311 2420 τῷ
339 2342 403 2421 Θεῷ
431 2338 468 2400 τό
496 2339 722 2415 κεχαριεμένον
752 2338 839 2420 αὐτῷ
868 2340 951 2414 θῦμα
979 2336 1072 2399 ἑλεῖν.
1109 2338 1187 2396 Plut.
1211 2339 1274 2397 Μο-

68 2429 72 2499 l
118 2428 162 2486 rel.
175 2428 275 2488 3510.

68 2506 70 2511 ⁵
192 2519 231 2578 ad
249 2518 415 2592 δωρεῑεθαι
435 2520 470 2578 cf.
485 2521 563 2578 infra
581 2541 609 2596 p.
626 2523 688 2579 531
711 2554 752 2560 —
774 2523 871 2578 aetate
889 2520 971 2578 illius
992 2518 1145 2594 scriptoris
1165 2519 1197 2576 in
1216 2536 1274 2576 ser-

118 2619 189 2664 mone
216 2608 321 2666 rituali
349 2610 559 2668 usitatissimas
587 2609 686 2667 fuisse.
724 2607 834 2667 Eadem
864 2610 925 2667 iere
948 2609 993 2666 vis
1020 2609 1098 2666 inest
1121 2609 1152 2664 in
1176 2607 1274 2665 verbis

119 2688 358 2768 tlyuemnesuae
373 2695 410 2754 ad
424 2697 550 2773 Erinyes
560 2714 660 2772 preces
675 2696 787 2755 dantis:
801 2696 938 2771 Aeschyl.
953 2697 1038 2754 Eum.
1056 2698 1117 2756 106
1133 2691 1152 2769 ἦ
1168 2693 1275 2756 πόλλα

119 2778 166 2848 μὲν
188 2782 226 2858 δὴ
251 2783 317 2843 τῶν
347 2781 432 2858 ἐμῶν
461 2781 612 2854 ἐλείξατε,
641 2781 721 2857 χοὰε
749 2782 785 2843 δὲ
814 2778 957 2855 ἀοίνουε,
986 2780 1129 2858 νηφάλια
1157 2781 1273 2857 μειλίγ-
1352 2807 1354 2811 ·

115 2881 185 2936 ματα
204 2920 210 2932 .
226 2919 255 2932 ..
276 2869 327 2931 καὶ
345 2869 453 2933 πάντα
471 2872 572 2933 ταῦτα
591 2869 648 2935 ld}
668 2869 735 2948 δρῶ
754 2868 950 2946 πατούμενα.
980 2871 1135 2947 Sophoclis
1155 2872 1274 2930 Electra

114 2962 353 3036 sumpsere,
373 2963 451 3038 quod
470 2982 529 3021 non
548 2964 701 3036 sacrificet,
720 2963 933 3022 commemorat
952 2961 1096 3020 sacrificia
1116 2964 1205 3020 antea
1224 2960 1273 3018 ob-

112 3041 167 3107 lata
188 3049 235 3108 his
259 3051 357 3109 verbis
381 3051 532 3110 El.1377
556 3047 575 3124 ἥ
601 3068 633 3110 εε
657 3049 764 3111 πόλλα
793 3048 831 3124 δὴ
862 3046 918 3125 ἀφ’
942 3045 989 3109 ῶν
1018 3045 1120 3124 ἔχοιμι
1148 3048 1275 3123 λιπαρεῖ

111 3134 265 3211 προύετην
293 3135 369 3212 χερὶ.
412 3139 470 3198 νῦν
493 3136 538 3198 δὲ.
576 3141 613 3198 cf.
631 3141 738 3198 Kcibel
761 3139 799 3196 cd
821 3141 850 3196 h.
869 3139 888 3195 l.
925 3139 960 3196 In
984 3139 1136 3215 Euripidis
1164 3138 1274 3196 fabulis

108 3218 174 3284 haec
188 3229 337 3287 sententia
353 3230 541 3305 cognoscitur
554 3229 586 3286 in
600 3230 769 3304 precatione
784 3248 801 3285 a
813 3227 948 3285 Menelao
963 3225 1001 3285 ad
1014 3226 1044 3282 H
1046 3225 1130 3285 adem
1144 3225 1215 3283 data
1231 3229 1274 3283 at-

109 3330 162 3388 que
177 3320 365 3392 arrogantem
385 3317 532 3391 quendam
551 3320 583 3375 in
599 3317 720 3376 modum
738 3317 942 3394 pronuntiata,
963 3316 1049 3390 quasi
1067 3314 1146 3372 utin
1161 3314 1274 3372 animos

105 3405 302 3478 spectantium
320 3405 443 3463 inducat
461 3409 559 3482 poeta,
578 3425 668 3481 quam
686 3408 790 3480 inepta
807 3405 883 3464 talia
898 3407 970 3464 sint:
989 3404 1056 3462 Hel.
1073 3406 1134 3464 969
1157 3397 1183 3461 ὦ
1202 3399 1272 3476 νέρ-

104 3488 166 3564 τερ’
190 3488 293 3566 Ἅιδη,
322 3490 373 3552 καὶ
401 3492 434 3553 ct
462 3490 625 3568 εύμμαχον
653 3493 753 3565 καλῶ,
778 3491 814 3554 dr
838 3488 932 3553 πόλλ’
957 3489 1055 3553 ἐδέξω
1079 3487 1163 3565 τῆεδ’
1188 3487 1273 3550 ἕκατι

104 3577 234 3653 εώματα
252 3577 392 3641 πεεόντα
410 3578 506 3662 τώμῷ
525 3579 690 3662 φαεγάνῳ,
713 3579 822 3655 μιεθὸν
842 3577 870 3640 δ’
890 3577 984 3654 ἔχειε·
1004 3577 1023 3652 ἢ
1043 3579 1101 3639 νῦν
1121 3627 1126 3638 .
1143 3626 1171 3638 ..
1192 3575 1273 3639 ἀπό-

103 3665 159 3728 δο(
179 3716 185 3728 .
206 3716 212 3728 .
233 3716 240 3728 .
259 3667 278 3742 ἢ
299 3665 551 3742 ...ἀνάγκαεον
571 3719 577 3730 .
598 3719 631 3731 ..
668 3671 751 3730 Idem
773 3672 835 3729 fere
859 3670 1057 3747 significatur,
1081 3671 1137 3727 etsi
1160 3669 1195 3726 de
1219 3669 1275 3725 hac

103 3757 223 3832 quidem
241 3778 273 3816 re
291 3759 438 3818 formulae
455 3780 515 3818 non
529 3761 731 3832 inveniuntur,
749 3761 787 3818 iis
803 3777 878 3834 quae
894 3756 1022 3830 Orestes,
1039 3758 1168 3830 Electra,
1186 3756 1275 3831 Pyla-

103 3847 153 3905 des
163 3846 381 3925 Agamemnoni
389 3851 516 3923 mortuo,
527 3852 561 3907 ut
571 3850 715 3907 auxilium
724 3849 811 3922 ierat,
820 3850 957 3905 narrant:
972 3847 1074 3921 Eurip.
1084 3844 1178 3904 Orest.
1189 3845 1273 3902 1235

103 3933 151 3994 Or.
172 3931 297 3995 ἔκτεινα
321 3932 427 4009 μητέρ>
446 3936 510 4013 Pyl.
530 3933 662 4011 ἡψάμην
684 3933 711 3996 δ’
732 3933 796 4007 ἐγὼ
816 3931 937 4010 ξίφουε.
967 3935 1012 3992 El.
1032 3931 1096 4004 ἐγὼ
1116 3929 1143 3992 δ’
1163 3929 1273 3992 ἐπενε-

102 4020 235 4083 κέλειιεα
263 4019 412 4084 κάπέλυε’
436 4020 542 4085 ὄκνου.
581 4024 629 4085 Or.
650 4022 706 4096 coi,
730 4021 844 4098 πάτερ,
870 4019 1008 4097 ἀρήγων.
1047 4023 1091 4080 El.
1117 4017 1184 4082 οὐδ’
1210 4017 1273 4091 ἐγὼ

103 4108 278 4186 προύδωκά
293 4128 333 4173 (ε.
362 4114 489 4172 Ratione
503 4115 622 4173 inversa
636 4115 765 4173 Theseus
780 4115 867 4172 deum
884 4114 999 4188 patrem
1014 4110 1049 4169 de
1063 4111 1208 4187 promisso
1223 4109 1274 4167 ad-

103 4204 215 4260 monet:
235 4201 326 4277 Hipp.
343 4203 405 4261 887
427 4198 464 4261 ἃ(
488 4199 557 4276 ἐμοί
585 4219 665 4262 ποτε
689 4199 768 4277 ἀρὰ(
792 4198 932 4274 ὑπέεχου
956 4200 1053 4274 τρεῑε,
1082 4200 1136 4276 μιᾷ
1164 4195 1273 4270 κατέρ-

103 4305 195 4359 γαεαι
218 4285 345 4350 τούτων
370 4287 447 4364 ἐμόν
471 4287 627 4351 παῖδ’
665 4291 756 4369 Apud
777 4293 882 4368 poetas
906 4289 1032 4348 comicos
1057 4289 1142 4346 haec:
1166 4287 1273 4345 Phera-

104 4379 192 4437 cratis
216 4374 415 4452 κραπάταλοι
440 4380 496 4457 frg.
522 4382 562 4439 87
587 4373 699 4463 (Kock)
724 4374 900 4441 ὦδέεποτ
924 4374 1062 4449 Ἀγυιεῦ,
1091 4370 1192 4435 ταῦτά
1215 4391 1274 4435 νυν
