<?xml version="1.0" encoding="UTF-8"?>
<!DOCTYPE html PUBLIC "-//W3C//DTD XHTML 1.0 Transitional//EN"
    "http://www.w3.org/TR/xhtml1/DTD/xhtml1-transitional.dtd">
<html xmlns="http://www.w3.org/1999/xhtml" xml:lang="en" lang="en">
 <head>
  <title>
</title>
<meta http-equiv="Content-Type" content="text/html;charset=utf-8" />
  <meta name='ocr-system' content='tesseract 3.04.00' />
  <meta name='ocr-capabilities' content='ocr_page ocr_carea ocr_par ocr_line ocrx_word'/>
</head>
<body>
  <div class='ocr_page' id='page_1' title='image "./degraecorvmprec00unkngoog_0028.png"; bbox 0 0 2760 4876; ppageno 0'>
   <div class='ocr_carea' id='block_1_1' title="bbox 326 216 1255 291">
    <p class='ocr_par' dir='ltr' id='par_1_1' title="bbox 326 216 1255 291">
     <span class='ocr_line' id='line_1_1' title="bbox 326 216 1255 291; baseline 0.011 -20"><span class='ocrx_word' id='word_1_1' title='bbox 326 216 368 271; x_wconf 88' lang='lat' dir='ltr'><strong>Dc</strong></span> <span class='ocrx_word' id='word_1_2' title='bbox 387 217 555 275; x_wconf 81' lang='lat' dir='ltr'><strong>Graecorum</strong></span> <span class='ocrx_word' id='word_1_3' title='bbox 573 221 783 291; x_wconf 73' lang='lat' dir='ltr'>precationibus</span> <span class='ocrx_word' id='word_1_4' title='bbox 802 220 990 290; x_wconf 76' lang='lat' dir='ltr'><strong>quaestiones.</strong></span> <span class='ocrx_word' id='word_1_5' title='bbox 1188 222 1255 288; x_wconf 82' lang='grc'>,525</span> 
     </span>
    </p>
   </div>
   <div class='ocr_carea' id='block_1_2' title="bbox 136 379 1256 2420">
    <p class='ocr_par' dir='ltr' id='par_1_2' title="bbox 136 379 1256 2420">
     <span class='ocr_line' id='line_1_2' title="bbox 138 379 1254 465; baseline 0.006 -21"><span class='ocrx_word' id='word_1_6' title='bbox 138 379 189 445; x_wconf 81' lang='grc' dir='ltr'>εἴτ’</span> <span class='ocrx_word' id='word_1_7' title='bbox 208 379 266 461; x_wconf 85' lang='grc' dir='ltr'><strong>ἄρα</strong></span> <span class='ocrx_word' id='word_1_8' title='bbox 287 383 402 446; x_wconf 84' lang='grc' dir='ltr'>Νείλου</span> <span class='ocrx_word' id='word_1_9' title='bbox 426 389 583 464; x_wconf 85' lang='grc' dir='ltr'>προχοαῖς</span> <span class='ocrx_word' id='word_1_10' title='bbox 606 384 733 449; x_wconf 83' lang='grc' dir='ltr'>ὑδάτων</span> <span class='ocrx_word' id='word_1_11' title='bbox 759 387 904 464; x_wconf 88' lang='grc' dir='ltr'>χρυςέαις</span> <span class='ocrx_word' id='word_1_12' title='bbox 927 384 1059 464; x_wconf 68' lang='lat' dir='ltr'><strong>ascetae</strong></span> <span class='ocrx_word' id='word_1_13' title='bbox 1078 390 1254 465; x_wconf 88' lang='grc' dir='ltr'>προχοῖςιν,</span> 
     </span>
     <span class='ocr_line' id='line_1_3' title="bbox 136 470 1255 554; baseline 0.005 -20"><span class='ocrx_word' id='word_1_14' title='bbox 136 470 155 547; x_wconf 89' lang='grc' dir='ltr'>ἢ</span> <span class='ocrx_word' id='word_1_15' title='bbox 177 471 315 535; x_wconf 86' lang='grc' dir='ltr'>Μαιῶτιν</span> <span class='ocrx_word' id='word_1_16' title='bbox 344 472 455 550; x_wconf 81' lang='grc' dir='ltr'>λίμνην</span> <span class='ocrx_word' id='word_1_17' title='bbox 482 473 563 552; x_wconf 80' lang='grc' dir='ltr'>ἔχετ’</span> <span class='ocrx_word' id='word_1_18' title='bbox 592 476 611 551; x_wconf 87' lang='grc' dir='ltr'>ἢ</span> <span class='ocrx_word' id='word_1_19' title='bbox 636 476 793 539; x_wconf 88' lang='grc' dir='ltr'>ςκόπελον</span> <span class='ocrx_word' id='word_1_20' title='bbox 816 475 972 554; x_wconf 86' lang='grc' dir='ltr'>νιφόεντα</span> <span class='ocrx_word' id='word_1_21' title='bbox 996 475 1169 553; x_wconf 82' lang='grc' dir='ltr'>Μίμαντος.</span> <span class='ocrx_word' id='word_1_22' title='bbox 1207 481 1255 540; x_wconf 90' lang='lat' dir='ltr'><strong>Ita</strong></span> 
     </span>
     <span class='ocr_line' id='line_1_4' title="bbox 139 565 1256 644; baseline 0.005 -24"><span class='ocrx_word' id='word_1_23' title='bbox 139 583 170 621; x_wconf 83' lang='lat' dir='ltr'><strong>ex</strong></span> <span class='ocrx_word' id='word_1_24' title='bbox 188 565 306 624; x_wconf 82' lang='lat' dir='ltr'><strong>diversis</strong></span> <span class='ocrx_word' id='word_1_25' title='bbox 325 565 401 624; x_wconf 90' lang='lat' dir='ltr'><strong>oaeli</strong></span> <span class='ocrx_word' id='word_1_26' title='bbox 419 567 554 641; x_wconf 89' lang='lat' dir='ltr'><strong>partibus</strong></span> <span class='ocrx_word' id='word_1_27' title='bbox 573 568 734 643; x_wconf 88' lang='lat' dir='ltr'><strong>multisque</strong></span> <span class='ocrx_word' id='word_1_28' title='bbox 753 568 821 627; x_wconf 90' lang='lat' dir='ltr'><strong>aliis</strong></span> <span class='ocrx_word' id='word_1_29' title='bbox 843 569 916 627; x_wconf 88' lang='lat' dir='ltr'><strong>locis</strong></span> <span class='ocrx_word' id='word_1_30' title='bbox 935 571 1124 628; x_wconf 86' lang='lat' dir='ltr'><strong>arcessuntur</strong></span> <span class='ocrx_word' id='word_1_31' title='bbox 1142 568 1202 644; x_wconf 88' lang='lat' dir='ltr'><strong>dei,</strong></span> <span class='ocrx_word' id='word_1_32' title='bbox 1221 572 1256 627; x_wconf 91' lang='lat' dir='ltr'><strong>ut</strong></span> 
     </span>
     <span class='ocr_line' id='line_1_5' title="bbox 137 651 1256 734; baseline 0.005 -24"><span class='ocrx_word' id='word_1_33' title='bbox 137 651 240 712; x_wconf 70' lang='lat' dir='ltr'><strong>Adeas</strong></span> <span class='ocrx_word' id='word_1_34' title='bbox 257 654 277 711; x_wconf 91' lang='lat' dir='ltr'><strong>l.</strong></span> <span class='ocrx_word' id='word_1_35' title='bbox 292 655 327 712; x_wconf 88' lang='grc'>1..·</span> <span class='ocrx_word' id='word_1_36' title='bbox 344 674 373 730; x_wconf 91' lang='lat' dir='ltr'><strong>p.</strong></span> <span class='ocrx_word' id='word_1_37' title='bbox 390 656 452 714; x_wconf 80' lang='lat'><strong>229</strong></span> <span class='ocrx_word' id='word_1_38' title='bbox 464 674 527 731; x_wconf 85' lang='lat' dir='ltr'>sqq.</span> <span class='ocrx_word' id='word_1_39' title='bbox 548 658 665 730; x_wconf 89' lang='lat' dir='ltr'><strong>copiose</strong></span> <span class='ocrx_word' id='word_1_40' title='bbox 689 657 824 732; x_wconf 84' lang='lat' dir='ltr'><strong>explicat.</strong></span> <span class='ocrx_word' id='word_1_41' title='bbox 862 656 1003 716; x_wconf 88' lang='lat' dir='ltr'><strong>Attamen</strong></span> <span class='ocrx_word' id='word_1_42' title='bbox 1018 677 1091 716; x_wconf 85' lang='lat' dir='ltr'><strong>cum</strong></span> <span class='ocrx_word' id='word_1_43' title='bbox 1114 658 1256 734; x_wconf 78' lang='lat' dir='ltr'><strong>fugerimt</strong></span> 
     </span>
     <span class='ocr_line' id='line_1_6' title="bbox 138 741 1255 819; baseline 0.004 -19"><span class='ocrx_word' id='word_1_44' title='bbox 138 760 199 801; x_wconf 91' lang='lat' dir='ltr'><strong>cum</strong></span> <span class='ocrx_word' id='word_1_45' title='bbox 211 743 241 800; x_wconf 89' lang='lat' dir='ltr'><strong>hi</strong></span> <span class='ocrx_word' id='word_1_46' title='bbox 255 743 314 801; x_wconf 91' lang='lat' dir='ltr'><strong>duo</strong></span> <span class='ocrx_word' id='word_1_47' title='bbox 328 743 386 802; x_wconf 91' lang='lat' dir='ltr'><strong>loci</strong></span> <span class='ocrx_word' id='word_1_48' title='bbox 402 745 566 819; x_wconf 90' lang='lat' dir='ltr'><strong>eprecibus</strong></span> <span class='ocrx_word' id='word_1_49' title='bbox 581 746 772 804; x_wconf 78' lang='lat' dir='ltr'>sollemnibus</span> <span class='ocrx_word' id='word_1_50' title='bbox 791 746 922 804; x_wconf 83' lang='lat' dir='ltr'><strong>collecti:</strong></span> <span class='ocrx_word' id='word_1_51' title='bbox 940 745 974 803; x_wconf 88' lang='grc' dir='ltr'><strong>ΙΙ.</strong></span> <span class='ocrx_word' id='word_1_52' title='bbox 990 746 1061 804; x_wconf 90' lang='lat' dir='ltr'><strong>XVI</strong></span> <span class='ocrx_word' id='word_1_53' title='bbox 1077 747 1140 805; x_wconf 81' lang='lat'><strong>514</strong></span> <span class='ocrx_word' id='word_1_54' title='bbox 1219 741 1255 805; x_wconf 86' lang='grc' dir='ltr'><strong>ὅς</strong></span> 
     </span>
     <span class='ocr_line' id='line_1_7' title="bbox 138 826 1253 912; baseline 0.003 -23"><span class='ocrx_word' id='word_1_55' title='bbox 138 845 196 889; x_wconf 92' lang='grc' dir='ltr'><strong>που</strong></span> <span class='ocrx_word' id='word_1_56' title='bbox 213 826 325 903; x_wconf 87' lang='grc' dir='ltr'>Λυκίης</span> <span class='ocrx_word' id='word_1_57' title='bbox 344 828 380 890; x_wconf 86' lang='grc' dir='ltr'><strong>ἐν</strong></span> <span class='ocrx_word' id='word_1_58' title='bbox 399 829 485 892; x_wconf 89' lang='grc' dir='ltr'>πίονι</span> <span class='ocrx_word' id='word_1_59' title='bbox 505 830 594 912; x_wconf 84' lang='grc' dir='ltr'>δήμῳ</span> <span class='ocrx_word' id='word_1_60' title='bbox 615 828 660 894; x_wconf 83' lang='grc' dir='ltr'><strong>είς</strong></span> <span class='ocrx_word' id='word_1_61' title='bbox 678 831 697 906; x_wconf 87' lang='grc' dir='ltr'>ἢ</span> <span class='ocrx_word' id='word_1_62' title='bbox 714 829 760 893; x_wconf 88' lang='grc' dir='ltr'><strong>ἐνὶ</strong></span> <span class='ocrx_word' id='word_1_63' title='bbox 779 830 877 912; x_wconf 88' lang='grc' dir='ltr'>Τροίῃ</span> <span class='ocrx_word' id='word_1_64' title='bbox 893 837 923 892; x_wconf 86' lang='lat' dir='ltr'><strong>ct</strong></span> <span class='ocrx_word' id='word_1_65' title='bbox 936 835 1073 910; x_wconf 85' lang='lat' dir='ltr'><strong>Aeschyl.</strong></span> <span class='ocrx_word' id='word_1_66' title='bbox 1089 835 1174 892; x_wconf 79' lang='lat' dir='ltr'><strong>Eum.</strong></span> <span class='ocrx_word' id='word_1_67' title='bbox 1191 836 1253 893; x_wconf 80' lang='lat'><strong>287</strong></span> 
     </span>
     <span class='ocr_line' id='line_1_8' title="bbox 137 920 1255 1000; baseline 0.004 -24"><span class='ocrx_word' id='word_1_68' title='bbox 137 937 229 979; x_wconf 82' lang='lat' dir='ltr'><strong>versus</strong></span> <span class='ocrx_word' id='word_1_69' title='bbox 255 920 302 977; x_wconf 91' lang='lat' dir='ltr'><strong>illi</strong></span> <span class='ocrx_word' id='word_1_70' title='bbox 324 922 503 996; x_wconf 75' lang='lat' dir='ltr'><strong>precationis</strong></span> <span class='ocrx_word' id='word_1_71' title='bbox 526 921 608 981; x_wconf 90' lang='lat' dir='ltr'><strong>illius</strong></span> <span class='ocrx_word' id='word_1_72' title='bbox 631 924 758 980; x_wconf 85' lang='lat' dir='ltr'><strong>maxime</strong></span> <span class='ocrx_word' id='word_1_73' title='bbox 781 923 900 982; x_wconf 80' lang='lat' dir='ltr'><strong>ritualia</strong></span> <span class='ocrx_word' id='word_1_74' title='bbox 929 926 1018 998; x_wconf 88' lang='lat' dir='ltr'><strong>atque</strong></span> <span class='ocrx_word' id='word_1_75' title='bbox 1041 924 1193 1000; x_wconf 77' lang='lat' dir='ltr'><strong>legitimae</strong></span> <span class='ocrx_word' id='word_1_76' title='bbox 1217 923 1255 981; x_wconf 91' lang='lat' dir='ltr'><strong>ad</strong></span> 
     </span>
     <span class='ocr_line' id='line_1_9' title="bbox 138 1007 1255 1086; baseline 0.005 -22"><span class='ocrx_word' id='word_1_77' title='bbox 138 1007 276 1067; x_wconf 75' lang='lat' dir='ltr'><strong>Athonem</strong></span> <span class='ocrx_word' id='word_1_78' title='bbox 295 1009 488 1070; x_wconf 82' lang='lat' dir='ltr'><strong>sanctissimis</strong></span> <span class='ocrx_word' id='word_1_79' title='bbox 507 1011 643 1070; x_wconf 88' lang='lat' dir='ltr'><strong>formulis</strong></span> <span class='ocrx_word' id='word_1_80' title='bbox 662 1012 886 1086; x_wconf 84' lang='lat' dir='ltr'><strong>pronuntiatae:</strong></span> <span class='ocrx_word' id='word_1_81' title='bbox 906 1008 956 1070; x_wconf 88' lang='grc' dir='ltr'><strong>καὶ</strong></span> <span class='ocrx_word' id='word_1_82' title='bbox 975 1010 1034 1070; x_wconf 84' lang='grc' dir='ltr'><strong>νῦν</strong></span> <span class='ocrx_word' id='word_1_83' title='bbox 1058 1007 1114 1086; x_wconf 79' lang='grc' dir='ltr'><strong>ἀφ’</strong></span> <span class='ocrx_word' id='word_1_84' title='bbox 1135 1007 1255 1083; x_wconf 83' lang='grc' dir='ltr'>ἁγνοῦ</span> 
     </span>
     <span class='ocr_line' id='line_1_10' title="bbox 139 1093 1255 1173; baseline 0.004 -18"><span class='ocrx_word' id='word_1_85' title='bbox 139 1093 315 1170; x_wconf 90' lang='grc' dir='ltr'>ςτόματος</span> <span class='ocrx_word' id='word_1_86' title='bbox 344 1093 522 1173; x_wconf 87' lang='grc' dir='ltr'>εὐφημώς</span> <span class='ocrx_word' id='word_1_87' title='bbox 551 1099 638 1158; x_wconf 91' lang='grc' dir='ltr'>καλώ</span> <span class='ocrx_word' id='word_1_88' title='bbox 667 1096 774 1173; x_wconf 90' lang='grc' dir='ltr'>χώρας</span> <span class='ocrx_word' id='word_1_89' title='bbox 804 1093 942 1160; x_wconf 80' lang='grc' dir='ltr'>ἄναςςαν</span> <span class='ocrx_word' id='word_1_90' title='bbox 971 1096 1055 1173; x_wconf 53' lang='grc' dir='ltr'>τῆςό)</span> <span class='ocrx_word' id='word_1_91' title='bbox 1083 1095 1255 1173; x_wconf 86' lang='grc' dir='ltr'>Ἀθηναίαν</span> 
     </span>
     <span class='ocr_line' id='line_1_11' title="bbox 139 1178 1254 1262; baseline 0.005 -20"><span class='ocrx_word' id='word_1_92' title='bbox 139 1178 201 1256; x_wconf 83' lang='grc' dir='ltr'>ἐμοὶ</span> <span class='ocrx_word' id='word_1_93' title='bbox 221 1185 332 1259; x_wconf 85' lang='grc' dir='ltr'>μολεῖν</span> <span class='ocrx_word' id='word_1_94' title='bbox 361 1181 490 1260; x_wconf 88' lang='grc' dir='ltr'>ἀρωγόν</span> <span class='ocrx_word' id='word_1_95' title='bbox 514 1234 520 1246; x_wconf 93' lang='grc'><strong>.</strong></span> <span class='ocrx_word' id='word_1_96' title='bbox 541 1234 547 1246; x_wconf 93' lang='grc'><strong>.</strong></span> <span class='ocrx_word' id='word_1_97' title='bbox 569 1234 574 1246; x_wconf 95' lang='grc'><em>.</em></span> <span class='ocrx_word' id='word_1_98' title='bbox 599 1207 641 1247; x_wconf 82' lang='lat' dir='ltr'><strong>vs.</strong></span> <span class='ocrx_word' id='word_1_99' title='bbox 663 1190 725 1247; x_wconf 77' lang='lat'><strong>292</strong></span> <span class='ocrx_word' id='word_1_100' title='bbox 751 1182 821 1247; x_wconf 78' lang='grc' dir='ltr'>ἀλλ’</span> <span class='ocrx_word' id='word_1_101' title='bbox 845 1183 922 1247; x_wconf 86' lang='grc' dir='ltr'>εἴτε</span> <span class='ocrx_word' id='word_1_102' title='bbox 951 1185 1058 1262; x_wconf 94' lang='grc' dir='ltr'>χώρας</span> <span class='ocrx_word' id='word_1_103' title='bbox 1083 1184 1118 1248; x_wconf 86' lang='grc' dir='ltr'><strong>ἐν</strong></span> <span class='ocrx_word' id='word_1_104' title='bbox 1142 1186 1254 1248; x_wconf 81' lang='grc' dir='ltr'>τόποι(</span> 
     </span>
     <span class='ocr_line' id='line_1_12' title="bbox 139 1267 1255 1352; baseline 0.004 -20"><span class='ocrx_word' id='word_1_105' title='bbox 139 1267 321 1347; x_wconf 88' lang='grc' dir='ltr'>Λιβυςτικοῑς</span> <span class='ocrx_word' id='word_1_106' title='bbox 348 1270 510 1348; x_wconf 88' lang='grc' dir='ltr'>Τρίτωνος</span> <span class='ocrx_word' id='word_1_107' title='bbox 543 1270 624 1352; x_wconf 84' lang='grc' dir='ltr'>ἀμφὶ</span> <span class='ocrx_word' id='word_1_108' title='bbox 657 1276 757 1352; x_wconf 87' lang='grc' dir='ltr'><strong>χεῦμα</strong></span> <span class='ocrx_word' id='word_1_109' title='bbox 790 1273 955 1347; x_wconf 87' lang='grc' dir='ltr'>γενεθλίου</span> <span class='ocrx_word' id='word_1_110' title='bbox 984 1274 1102 1352; x_wconf 89' lang='grc' dir='ltr'>πόρου,</span> <span class='ocrx_word' id='word_1_111' title='bbox 1136 1273 1255 1350; x_wconf 86' lang='grc' dir='ltr'>τίθηςιν</span> 
     </span>
     <span class='ocr_line' id='line_1_13' title="bbox 139 1354 1254 1440; baseline 0.005 -20"><span class='ocrx_word' id='word_1_112' title='bbox 139 1354 227 1434; x_wconf 88' lang='grc' dir='ltr'>ὀρθὸν</span> <span class='ocrx_word' id='word_1_113' title='bbox 256 1360 275 1435; x_wconf 87' lang='grc' dir='ltr'>ἢ</span> <span class='ocrx_word' id='word_1_114' title='bbox 309 1363 472 1438; x_wconf 88' lang='grc' dir='ltr'>κατηρεφῆ</span> <span class='ocrx_word' id='word_1_115' title='bbox 506 1361 604 1436; x_wconf 83' lang='grc' dir='ltr'>πόδα,</span> <span class='ocrx_word' id='word_1_116' title='bbox 638 1362 744 1440; x_wconf 89' lang='grc' dir='ltr'>φίλοις</span> <span class='ocrx_word' id='word_1_117' title='bbox 778 1361 940 1439; x_wconf 82' lang='grc' dir='ltr'>ἀρήγους’,</span> <span class='ocrx_word' id='word_1_118' title='bbox 975 1361 1038 1425; x_wconf 86' lang='grc' dir='ltr'>εἴτε</span> <span class='ocrx_word' id='word_1_119' title='bbox 1071 1362 1254 1439; x_wconf 87' lang='grc' dir='ltr'>Φλεγραίαν</span> 
     </span>
     <span class='ocr_line' id='line_1_14' title="bbox 139 1447 1254 1527; baseline 0.005 -20"><span class='ocrx_word' id='word_1_120' title='bbox 139 1447 234 1511; x_wconf 87' lang='grc' dir='ltr'>πλάκα</span> <span class='ocrx_word' id='word_1_121' title='bbox 262 1449 377 1525; x_wconf 81' lang='grc' dir='ltr'>θραςὺς</span> <span class='ocrx_word' id='word_1_122' title='bbox 405 1452 565 1527; x_wconf 87' lang='grc' dir='ltr'>ταγοῦχος</span> <span class='ocrx_word' id='word_1_123' title='bbox 589 1450 633 1513; x_wconf 84' lang='grc' dir='ltr'><strong>ώς</strong></span> <span class='ocrx_word' id='word_1_124' title='bbox 657 1449 737 1527; x_wconf 85' lang='grc' dir='ltr'>ἀνὴρ</span> <span class='ocrx_word' id='word_1_125' title='bbox 763 1449 936 1524; x_wconf 84' lang='grc' dir='ltr'>ἐπιςκοττεῑ,</span> <span class='ocrx_word' id='word_1_126' title='bbox 966 1450 1079 1513; x_wconf 83' lang='grc' dir='ltr'>ἔλθοι.</span> <span class='ocrx_word' id='word_1_127' title='bbox 1103 1450 1190 1513; x_wconf 88' lang='grc' dir='ltr'>κλύει</span> <span class='ocrx_word' id='word_1_128' title='bbox 1218 1453 1254 1514; x_wconf 83' lang='grc' dir='ltr'><strong>δὲ</strong></span> 
     </span>
     <span class='ocr_line' id='line_1_15' title="bbox 138 1535 1254 1620; baseline 0.005 -25"><span class='ocrx_word' id='word_1_129' title='bbox 138 1535 183 1597; x_wconf 87' lang='grc' dir='ltr'><strong>καὶ</strong></span> <span class='ocrx_word' id='word_1_130' title='bbox 200 1538 364 1614; x_wconf 86' lang='grc' dir='ltr'>πρόςωθεν</span> <span class='ocrx_word' id='word_1_131' title='bbox 385 1537 431 1601; x_wconf 86' lang='grc' dir='ltr'><strong>ὢν</strong></span> <span class='ocrx_word' id='word_1_132' title='bbox 450 1538 524 1601; x_wconf 80' lang='grc' dir='ltr'>θεὸς</span> <span class='ocrx_word' id='word_1_133' title='bbox 545 1589 550 1600; x_wconf 96' lang='grc'>.</span> <span class='ocrx_word' id='word_1_134' title='bbox 567 1589 572 1600; x_wconf 96' lang='grc'>.</span> <span class='ocrx_word' id='word_1_135' title='bbox 589 1588 595 1600; x_wconf 95' lang='grc'><strong>.</strong></span> <span class='ocrx_word' id='word_1_136' title='bbox 610 1545 675 1600; x_wconf 90' lang='lat' dir='ltr'><strong>tum</strong></span> <span class='ocrx_word' id='word_1_137' title='bbox 689 1561 790 1601; x_wconf 88' lang='lat' dir='ltr'><strong>vorsus</strong></span> <span class='ocrx_word' id='word_1_138' title='bbox 804 1543 852 1600; x_wconf 94' lang='lat' dir='ltr'><strong>illi</strong></span> <span class='ocrx_word' id='word_1_139' title='bbox 866 1544 976 1620; x_wconf 81' lang='lat' dir='ltr'><strong>magici</strong></span> <span class='ocrx_word' id='word_1_140' title='bbox 989 1542 1099 1619; x_wconf 85' lang='lat' dir='ltr'><strong>Papyr.</strong></span> <span class='ocrx_word' id='word_1_141' title='bbox 1112 1544 1208 1602; x_wconf 88' lang='lat' dir='ltr'><strong>Berol.</strong></span> <span class='ocrx_word' id='word_1_142' title='bbox 1224 1544 1254 1601; x_wconf 95' lang='grc' dir='ltr'>Π</span> 
     </span>
     <span class='ocr_line' id='line_1_16' title="bbox 140 1625 1256 1712; baseline 0.004 -26"><span class='ocrx_word' id='word_1_143' title='bbox 140 1628 194 1686; x_wconf 89' lang='lat'><strong>101</strong></span> <span class='ocrx_word' id='word_1_144' title='bbox 205 1647 281 1705; x_wconf 88' lang='lat' dir='ltr'><strong>sqq:</strong></span> <span class='ocrx_word' id='word_1_145' title='bbox 306 1626 338 1689; x_wconf 81' lang='grc' dir='ltr'><strong>ςὲ</strong></span> <span class='ocrx_word' id='word_1_146' title='bbox 366 1629 454 1688; x_wconf 88' lang='grc' dir='ltr'>καλώ</span> <span class='ocrx_word' id='word_1_147' title='bbox 478 1627 535 1690; x_wconf 92' lang='grc' dir='ltr'><strong>τὸν</strong></span> <span class='ocrx_word' id='word_1_148' title='bbox 560 1626 660 1704; x_wconf 79' lang='grc' dir='ltr'>με’γαν</span> <span class='ocrx_word' id='word_1_149' title='bbox 684 1626 723 1690; x_wconf 86' lang='grc' dir='ltr'><strong>ἐν</strong></span> <span class='ocrx_word' id='word_1_150' title='bbox 753 1627 961 1711; x_wconf 80' lang='grc' dir='ltr'>οὐρανῷ..</span> <span class='ocrx_word' id='word_1_151' title='bbox 983 1678 988 1690; x_wconf 95' lang='grc'><em>.</em></span> <span class='ocrx_word' id='word_1_152' title='bbox 1010 1629 1053 1691; x_wconf 90' lang='grc' dir='ltr'><strong>ώς</strong></span> <span class='ocrx_word' id='word_1_153' title='bbox 1075 1625 1256 1712; x_wconf 70' lang='grc' dir='ltr'>ίκατοικεῑς</span> 
     </span>
     <span class='ocr_line' id='line_1_17' title="bbox 137 1711 1253 1800; baseline 0.002 -24"><span class='ocrx_word' id='word_1_154' title='bbox 137 1711 190 1787; x_wconf 73' lang='grc' dir='ltr'><strong>τὴν</strong></span> <span class='ocrx_word' id='word_1_155' title='bbox 211 1713 290 1790; x_wconf 90' lang='grc' dir='ltr'>όλην</span> <span class='ocrx_word' id='word_1_156' title='bbox 315 1713 530 1792; x_wconf 84' lang='grc' dir='ltr'>οἰκουμένην.</span> <span class='ocrx_word' id='word_1_157' title='bbox 551 1766 584 1778; x_wconf 92' lang='grc'><strong>..</strong></span> <span class='ocrx_word' id='word_1_158' title='bbox 605 1716 656 1780; x_wconf 86' lang='grc' dir='ltr'><strong>ἐπὶ</strong></span> <span class='ocrx_word' id='word_1_159' title='bbox 680 1711 792 1800; x_wconf 70' lang='grc' dir='ltr'>λωτίῴ</span> <span class='ocrx_word' id='word_1_160' title='bbox 816 1717 993 1794; x_wconf 88' lang='grc' dir='ltr'>καθήμενος</span> <span class='ocrx_word' id='word_1_161' title='bbox 1020 1717 1071 1779; x_wconf 89' lang='grc' dir='ltr'><strong>καὶ</strong></span> <span class='ocrx_word' id='word_1_162' title='bbox 1100 1716 1253 1794; x_wconf 88' lang='grc' dir='ltr'>λαμπυρί-</span> 
     </span>
     <span class='ocr_line' id='line_1_18' title="bbox 138 1801 1255 1882; baseline 0.004 -19"><span class='ocrx_word' id='word_1_163' title='bbox 138 1803 195 1864; x_wconf 81' lang='grc' dir='ltr'><strong>ζων</strong></span> <span class='ocrx_word' id='word_1_164' title='bbox 212 1804 270 1879; x_wconf 89' lang='grc' dir='ltr'><strong>τὴν</strong></span> <span class='ocrx_word' id='word_1_165' title='bbox 290 1801 371 1879; x_wconf 87' lang='grc' dir='ltr'>ὅλην</span> <span class='ocrx_word' id='word_1_166' title='bbox 390 1802 588 1881; x_wconf 87' lang='grc' dir='ltr'>οἰκουμένην.</span> <span class='ocrx_word' id='word_1_167' title='bbox 613 1804 843 1869; x_wconf 79' lang='grc' dir='ltr'>ὁκαταδείξεις</span> <span class='ocrx_word' id='word_1_168' title='bbox 863 1855 868 1867; x_wconf 92' lang='grc'><em>.</em></span> <span class='ocrx_word' id='word_1_169' title='bbox 889 1855 895 1867; x_wconf 93' lang='grc'><strong>.</strong></span> <span class='ocrx_word' id='word_1_170' title='bbox 915 1855 922 1868; x_wconf 87' lang='grc'><strong>.</strong></span> <span class='ocrx_word' id='word_1_171' title='bbox 943 1808 1017 1879; x_wconf 84' lang='grc' dir='ltr'>Ζώα,</span> <span class='ocrx_word' id='word_1_172' title='bbox 1042 1803 1082 1868; x_wconf 84' lang='grc' dir='ltr'><strong>οὗ</strong></span> <span class='ocrx_word' id='word_1_173' title='bbox 1105 1804 1143 1867; x_wconf 87' lang='grc' dir='ltr'><strong>τὸ</strong></span> <span class='ocrx_word' id='word_1_174' title='bbox 1166 1803 1255 1882; x_wconf 86' lang='grc' dir='ltr'>ἱερὸν</span> 
     </span>
     <span class='ocr_line' id='line_1_19' title="bbox 138 1885 1256 1974; baseline 0.006 -26"><span class='ocrx_word' id='word_1_175' title='bbox 138 1885 246 1964; x_wconf 88' lang='grc' dir='ltr'>ὄρνεον</span> <span class='ocrx_word' id='word_1_176' title='bbox 271 1891 353 1968; x_wconf 84' lang='grc' dir='ltr'>ἔχεις</span> <span class='ocrx_word' id='word_1_177' title='bbox 374 1894 378 1969; x_wconf 77' lang='lat' dir='ltr'><strong>l</strong></span> <span class='ocrx_word' id='word_1_178' title='bbox 400 1891 435 1955; x_wconf 86' lang='grc' dir='ltr'><strong>ἐν</strong></span> <span class='ocrx_word' id='word_1_179' title='bbox 459 1897 496 1974; x_wconf 86' lang='grc' dir='ltr'><strong>τῇ</strong></span> <span class='ocrx_word' id='word_1_180' title='bbox 522 1895 616 1974; x_wconf 87' lang='grc' dir='ltr'>ςτολῇ</span> <span class='ocrx_word' id='word_1_181' title='bbox 641 1892 676 1955; x_wconf 90' lang='grc' dir='ltr'><strong>ἐν</strong></span> <span class='ocrx_word' id='word_1_182' title='bbox 700 1892 783 1973; x_wconf 90' lang='grc' dir='ltr'>το[ῑς</span> <span class='ocrx_word' id='word_1_183' title='bbox 805 1892 923 1974; x_wconf 89' lang='grc' dir='ltr'>πυ]ρὸς</span> <span class='ocrx_word' id='word_1_184' title='bbox 943 1892 1128 1971; x_wconf 86' lang='grc' dir='ltr'>ἀπηλιώτην</span> <span class='ocrx_word' id='word_1_185' title='bbox 1152 1892 1256 1971; x_wconf 87' lang='grc' dir='ltr'>μέρεςι</span> 
     </span>
     <span class='ocr_line' id='line_1_20' title="bbox 136 1979 1256 2062; baseline 0.002 -20"><span class='ocrx_word' id='word_1_186' title='bbox 136 1979 187 2053; x_wconf 85' lang='grc' dir='ltr'><strong>τῆς</strong></span> <span class='ocrx_word' id='word_1_187' title='bbox 206 1979 357 2057; x_wconf 85' lang='grc' dir='ltr'>Ἐρυθρᾶς</span> <span class='ocrx_word' id='word_1_188' title='bbox 378 1979 382 2061; x_wconf 79' lang='lat' dir='ltr'><strong>l</strong></span> <span class='ocrx_word' id='word_1_189' title='bbox 404 1979 558 2058; x_wconf 82' lang='grc' dir='ltr'>θαλάςςης</span> <span class='ocrx_word' id='word_1_190' title='bbox 577 1980 655 2062; x_wconf 82' lang='grc' dir='ltr'>ώς[τ</span> <span class='ocrx_word' id='word_1_191' title='bbox 674 2032 680 2044; x_wconf 93' lang='grc'><strong>.</strong></span> <span class='ocrx_word' id='word_1_192' title='bbox 696 2032 725 2043; x_wconf 88' lang='grc'><strong>..</strong></span> <span class='ocrx_word' id='word_1_193' title='bbox 746 1980 842 2062; x_wconf 81' lang='grc' dir='ltr'>ἔ]χεις</span> <span class='ocrx_word' id='word_1_194' title='bbox 863 1980 898 2044; x_wconf 90' lang='grc' dir='ltr'><strong>ἐν</strong></span> <span class='ocrx_word' id='word_1_195' title='bbox 916 1985 997 2046; x_wconf 86' lang='grc' dir='ltr'>τοῖς</span> <span class='ocrx_word' id='word_1_196' title='bbox 1020 1981 1115 2060; x_wconf 89' lang='grc' dir='ltr'>πρὸς</span> <span class='ocrx_word' id='word_1_197' title='bbox 1136 1979 1256 2059; x_wconf 83' lang='grc' dir='ltr'>βοῤῥᾶ</span> 
     </span>
     <span class='ocr_line' id='line_1_21' title="bbox 136 2067 1254 2151; baseline 0.002 -21"><span class='ocrx_word' id='word_1_198' title='bbox 136 2067 254 2145; x_wconf 86' lang='grc' dir='ltr'>μέρεςι</span> <span class='ocrx_word' id='word_1_199' title='bbox 274 2070 403 2147; x_wconf 86' lang='grc' dir='ltr'>μορφὴν</span> <span class='ocrx_word' id='word_1_200' title='bbox 423 2068 427 2151; x_wconf 77' lang='lat' dir='ltr'><strong>l</strong></span> <span class='ocrx_word' id='word_1_201' title='bbox 449 2069 565 2145; x_wconf 92' lang='grc' dir='ltr'>νηπίου</span> <span class='ocrx_word' id='word_1_202' title='bbox 584 2069 699 2133; x_wconf 86' lang='grc' dir='ltr'>παιόός</span> <span class='ocrx_word' id='word_1_203' title='bbox 718 2121 724 2133; x_wconf 93' lang='grc'><strong>.</strong></span> <span class='ocrx_word' id='word_1_204' title='bbox 742 2120 770 2132; x_wconf 93' lang='grc'><strong>..</strong></span> <span class='ocrx_word' id='word_1_205' title='bbox 792 2069 796 2151; x_wconf 83' lang='lat' dir='ltr'><strong>l</strong></span> <span class='ocrx_word' id='word_1_206' title='bbox 818 2069 853 2133; x_wconf 86' lang='grc' dir='ltr'><strong>ἐν</strong></span> <span class='ocrx_word' id='word_1_207' title='bbox 870 2072 907 2133; x_wconf 81' lang='grc' dir='ltr'><strong>δὲ</strong></span> <span class='ocrx_word' id='word_1_208' title='bbox 925 2073 1006 2134; x_wconf 86' lang='grc' dir='ltr'>τοῖς</span> <span class='ocrx_word' id='word_1_209' title='bbox 1024 2071 1119 2149; x_wconf 89' lang='grc' dir='ltr'>πρὸς</span> <span class='ocrx_word' id='word_1_210' title='bbox 1137 2070 1254 2134; x_wconf 92' lang='grc' dir='ltr'>νότου</span> 
     </span>
     <span class='ocr_line' id='line_1_22' title="bbox 136 2156 1256 2238; baseline 0.004 -22"><span class='ocrx_word' id='word_1_211' title='bbox 136 2158 257 2235; x_wconf 89' lang='grc' dir='ltr'>μορφὴν</span> <span class='ocrx_word' id='word_1_212' title='bbox 282 2156 364 2233; x_wconf 77' lang='grc' dir='ltr'>ἔχει(</span> <span class='ocrx_word' id='word_1_213' title='bbox 388 2161 445 2221; x_wconf 84' lang='grc' dir='ltr'><strong>τοῦ</strong></span> <span class='ocrx_word' id='word_1_214' title='bbox 470 2157 563 2232; x_wconf 85' lang='grc' dir='ltr'>ἁγίου</span> <span class='ocrx_word' id='word_1_215' title='bbox 586 2158 713 2235; x_wconf 82' lang='grc' dir='ltr'>ἱέρακος</span> <span class='ocrx_word' id='word_1_216' title='bbox 733 2209 738 2220; x_wconf 96' lang='grc'><em>.</em></span> <span class='ocrx_word' id='word_1_217' title='bbox 759 2209 765 2221; x_wconf 92' lang='grc'><strong>.</strong></span> <span class='ocrx_word' id='word_1_218' title='bbox 786 2202 791 2222; x_wconf 87' lang='grc'><strong>.</strong></span> <span class='ocrx_word' id='word_1_219' title='bbox 814 2157 817 2238; x_wconf 79' lang='lat' dir='ltr'><strong>l</strong></span> <span class='ocrx_word' id='word_1_220' title='bbox 841 2165 902 2221; x_wconf 90' lang='lat'><strong>111</strong></span> <span class='ocrx_word' id='word_1_221' title='bbox 924 2159 965 2222; x_wconf 90' lang='grc' dir='ltr'><strong>ἐν</strong></span> <span class='ocrx_word' id='word_1_222' title='bbox 989 2160 1029 2222; x_wconf 83' lang='grc' dir='ltr'><strong>δὲ</strong></span> <span class='ocrx_word' id='word_1_223' title='bbox 1055 2162 1136 2222; x_wconf 82' lang='grc' dir='ltr'>τοῖς</span> <span class='ocrx_word' id='word_1_224' title='bbox 1159 2158 1256 2235; x_wconf 89' lang='grc' dir='ltr'>πρὸς</span> 
     </span>
     <span class='ocr_line' id='line_1_23' title="bbox 136 2241 1254 2327; baseline 0.007 -26"><span class='ocrx_word' id='word_1_225' title='bbox 136 2241 214 2321; x_wconf 91' lang='grc' dir='ltr'>λίβα</span> <span class='ocrx_word' id='word_1_226' title='bbox 229 2246 381 2323; x_wconf 87' lang='grc' dir='ltr'>μέρεςιν</span> <span class='ocrx_word' id='word_1_227' title='bbox 396 2247 525 2324; x_wconf 88' lang='grc' dir='ltr'>μορφὴν</span> <span class='ocrx_word' id='word_1_228' title='bbox 541 2246 626 2323; x_wconf 84' lang='grc' dir='ltr'>ἔχων</span> <span class='ocrx_word' id='word_1_229' title='bbox 641 2246 831 2324; x_wconf 83' lang='grc' dir='ltr'>κροκοόίλου</span> <span class='ocrx_word' id='word_1_230' title='bbox 851 2297 879 2309; x_wconf 88' lang='grc'><strong>..</strong></span> <span class='ocrx_word' id='word_1_231' title='bbox 901 2246 905 2327; x_wconf 79' lang='lat' dir='ltr'><strong>l</strong></span> <span class='ocrx_word' id='word_1_232' title='bbox 927 2297 955 2309; x_wconf 91' lang='lat'><strong>..</strong></span> <span class='ocrx_word' id='word_1_233' title='bbox 977 2247 1012 2309; x_wconf 85' lang='grc' dir='ltr'><strong>ἐν</strong></span> <span class='ocrx_word' id='word_1_234' title='bbox 1026 2248 1062 2310; x_wconf 79' lang='grc' dir='ltr'><strong>δὲ</strong></span> <span class='ocrx_word' id='word_1_235' title='bbox 1077 2250 1144 2311; x_wconf 88' lang='grc' dir='ltr'>τοῖς</span> <span class='ocrx_word' id='word_1_236' title='bbox 1164 2244 1168 2327; x_wconf 78' lang='lat' dir='ltr'><strong>l</strong></span> <span class='ocrx_word' id='word_1_237' title='bbox 1192 2252 1254 2309; x_wconf 88' lang='lat'><strong>113</strong></span> 
     </span>
     <span class='ocr_line' id='line_1_24' title="bbox 136 2330 1211 2420; baseline 0.007 -28"><span class='ocrx_word' id='word_1_238' title='bbox 136 2332 222 2407; x_wconf 89' lang='grc' dir='ltr'>πρὸς</span> <span class='ocrx_word' id='word_1_239' title='bbox 246 2333 466 2412; x_wconf 86' lang='grc' dir='ltr'>ἀπηλιώτην</span> <span class='ocrx_word' id='word_1_240' title='bbox 491 2335 618 2413; x_wconf 87' lang='grc' dir='ltr'>μέρςςι</span> <span class='ocrx_word' id='word_1_241' title='bbox 642 2334 803 2413; x_wconf 84' lang='grc' dir='ltr'>δράκοντα</span> <span class='ocrx_word' id='word_1_242' title='bbox 827 2334 909 2412; x_wconf 83' lang='grc' dir='ltr'>ἔχεις</span> <span class='ocrx_word' id='word_1_243' title='bbox 933 2338 1101 2413; x_wconf 88' lang='grc' dir='ltr'>πτεροφυῆ</span> <span class='ocrx_word' id='word_1_244' title='bbox 1123 2385 1128 2395; x_wconf 93' lang='grc'><em>.</em></span> <span class='ocrx_word' id='word_1_245' title='bbox 1147 2383 1155 2400; x_wconf 90' lang='grc'><strong>.</strong></span> <span class='ocrx_word' id='word_1_246' title='bbox 1176 2330 1211 2420; x_wconf 60' lang='grc'><strong>,1)</strong></span> 
     </span>
    </p>
   </div>
   <div class='ocr_carea' id='block_1_3' title="bbox 647 2582 688 2648">
    <p class='ocr_par' dir='ltr' id='par_1_3' title="bbox 647 2582 688 2648">
     <span class='ocr_line' id='line_1_25' title="bbox 647 2582 688 2648; baseline -0.024 0"><span class='ocrx_word' id='word_1_247' title='bbox 647 2582 688 2648; x_wconf 89' lang='lat'><strong>11.</strong></span> 
     </span>
    </p>
   </div>
   <div class='ocr_carea' id='block_1_4' title="bbox 88 2708 1258 3941">
    <p class='ocr_par' dir='ltr' id='par_1_4' title="bbox 88 2708 1258 3941">
     <span class='ocr_line' id='line_1_26' title="bbox 177 2708 1256 2788; baseline 0.003 -20"><span class='ocrx_word' id='word_1_248' title='bbox 177 2708 319 2778; x_wconf 78' lang='lat' dir='ltr'><strong>Quoniam</strong></span> <span class='ocrx_word' id='word_1_249' title='bbox 338 2711 410 2770; x_wconf 87' lang='lat' dir='ltr'><strong>satis</strong></span> <span class='ocrx_word' id='word_1_250' title='bbox 433 2712 524 2787; x_wconf 89' lang='lat' dir='ltr'><strong>probe</strong></span> <span class='ocrx_word' id='word_1_251' title='bbox 543 2712 617 2770; x_wconf 90' lang='lat' dir='ltr'><strong>mihi</strong></span> <span class='ocrx_word' id='word_1_252' title='bbox 641 2713 775 2788; x_wconf 84' lang='lat' dir='ltr'><strong>exposita</strong></span> <span class='ocrx_word' id='word_1_253' title='bbox 793 2712 945 2788; x_wconf 82' lang='lat' dir='ltr'><strong>videntur,</strong></span> <span class='ocrx_word' id='word_1_254' title='bbox 970 2732 1045 2788; x_wconf 89' lang='lat' dir='ltr'><strong>quae</strong></span> <span class='ocrx_word' id='word_1_255' title='bbox 1068 2713 1256 2773; x_wconf 87' lang='lat' dir='ltr'><strong>invocatione</strong></span> 
     </span>
     <span class='ocr_line' id='line_1_27' title="bbox 88 2789 1256 2878; baseline 0.005 -24"><span class='ocrx_word' id='word_1_256' title='bbox 88 2789 267 2858; x_wconf 70' lang='lat' dir='ltr'><strong>‘sollemniter</strong></span> <span class='ocrx_word' id='word_1_257' title='bbox 285 2803 444 2875; x_wconf 86' lang='lat' dir='ltr'><strong>sancteque</strong></span> <span class='ocrx_word' id='word_1_258' title='bbox 463 2802 607 2875; x_wconf 85' lang='lat' dir='ltr'><strong>usurpata</strong></span> <span class='ocrx_word' id='word_1_259' title='bbox 626 2801 841 2875; x_wconf 82' lang='lat' dir='ltr'><strong>contineantur,</strong></span> <span class='ocrx_word' id='word_1_260' title='bbox 861 2801 1070 2878; x_wconf 82' lang='lat' dir='ltr'><strong>aggrediamur</strong></span> <span class='ocrx_word' id='word_1_261' title='bbox 1088 2802 1127 2860; x_wconf 94' lang='lat' dir='ltr'><strong>ad</strong></span> <span class='ocrx_word' id='word_1_262' title='bbox 1140 2804 1256 2876; x_wconf 89' lang='lat' dir='ltr'><strong>partem</strong></span> 
     </span>
     <span class='ocr_line' id='line_1_28' title="bbox 101 2876 1256 2965; baseline 0.003 -22"><span class='ocrx_word' id='word_1_263' title='bbox 101 2876 210 2945; x_wconf 72' lang='lat' dir='ltr'><strong>alteram</strong></span> <span class='ocrx_word' id='word_1_264' title='bbox 240 2890 433 2964; x_wconf 87' lang='lat' dir='ltr'><strong>precationis,</strong></span> <span class='ocrx_word' id='word_1_265' title='bbox 466 2908 589 2964; x_wconf 89' lang='lat' dir='ltr'><strong>eamque</strong></span> <span class='ocrx_word' id='word_1_266' title='bbox 621 2890 795 2965; x_wconf 89' lang='lat' dir='ltr'><strong>plerumque</strong></span> <span class='ocrx_word' id='word_1_267' title='bbox 827 2890 969 2963; x_wconf 88' lang='lat' dir='ltr'><strong>mediam,</strong></span> <span class='ocrx_word' id='word_1_268' title='bbox 1006 2893 1048 2948; x_wconf 64' lang='lat' dir='ltr'><strong>ut¹</strong></span> <span class='ocrx_word' id='word_1_269' title='bbox 1072 2891 1116 2948; x_wconf 88' lang='lat' dir='ltr'><strong>ita</strong></span> <span class='ocrx_word' id='word_1_270' title='bbox 1149 2890 1256 2963; x_wconf 88' lang='lat' dir='ltr'><strong>dicam,</strong></span> 
     </span>
     <span class='ocr_line' id='line_1_29' title="bbox 101 2970 1256 3054; baseline 0.005 -22"><span class='ocrx_word' id='word_1_271' title='bbox 101 2970 213 3051; x_wconf 75' lang='lat' dir='ltr'><strong>tpicam,</strong></span> <span class='ocrx_word' id='word_1_272' title='bbox 237 2997 296 3053; x_wconf 89' lang='lat' dir='ltr'><strong>qua</strong></span> <span class='ocrx_word' id='word_1_273' title='bbox 318 2980 466 3054; x_wconf 86' lang='lat' dir='ltr'><strong>permulta</strong></span> <span class='ocrx_word' id='word_1_274' title='bbox 486 2997 519 3037; x_wconf 87' lang='lat' dir='ltr'><strong>ao</strong></span> <span class='ocrx_word' id='word_1_275' title='bbox 538 2981 622 3037; x_wconf 80' lang='lat' dir='ltr'><strong>varia</strong></span> <span class='ocrx_word' id='word_1_276' title='bbox 642 2981 819 3037; x_wconf 87' lang='lat' dir='ltr'><strong>tractantur.</strong></span> <span class='ocrx_word' id='word_1_277' title='bbox 854 2979 954 3054; x_wconf 85' lang='lat' dir='ltr'><strong>Atque</strong></span> <span class='ocrx_word' id='word_1_278' title='bbox 972 2981 1007 3037; x_wconf 89' lang='lat' dir='ltr'><strong>ut</strong></span> <span class='ocrx_word' id='word_1_279' title='bbox 1026 2997 1101 3054; x_wconf 91' lang='lat' dir='ltr'><strong>quae</strong></span> <span class='ocrx_word' id='word_1_280' title='bbox 1119 2978 1256 3038; x_wconf 86' lang='lat' dir='ltr'><strong>volumus</strong></span> 
     </span>
     <span class='ocr_line' id='line_1_30' title="bbox 100 3066 1256 3144; baseline 0.003 -22"><span class='ocrx_word' id='word_1_281' title='bbox 100 3067 255 3124; x_wconf 75' lang='lat' dir='ltr'><strong>summatim</strong></span> <span class='ocrx_word' id='word_1_282' title='bbox 271 3066 457 3140; x_wconf 87' lang='lat' dir='ltr'><strong>disseramus,</strong></span> <span class='ocrx_word' id='word_1_283' title='bbox 471 3069 601 3142; x_wconf 89' lang='lat' dir='ltr'><strong>primum</strong></span> <span class='ocrx_word' id='word_1_284' title='bbox 615 3067 735 3142; x_wconf 91' lang='lat' dir='ltr'><strong>quidem</strong></span> <span class='ocrx_word' id='word_1_285' title='bbox 748 3069 803 3125; x_wconf 88' lang='lat' dir='ltr'><strong>illa</strong></span> <span class='ocrx_word' id='word_1_286' title='bbox 817 3071 902 3144; x_wconf 80' lang='lat' dir='ltr'><strong>parte</strong></span> <span class='ocrx_word' id='word_1_287' title='bbox 912 3070 1061 3142; x_wconf 80' lang='lat' dir='ltr'><strong>narratur,</strong></span> <span class='ocrx_word' id='word_1_288' title='bbox 1072 3087 1132 3143; x_wconf 90' lang='lat' dir='ltr'><strong>qua</strong></span> <span class='ocrx_word' id='word_1_289' title='bbox 1140 3067 1256 3127; x_wconf 90' lang='lat' dir='ltr'><strong>ratione</strong></span> 
     </span>
     <span class='ocr_line' id='line_1_31' title="bbox 100 3148 1257 3232; baseline 0.003 -19"><span class='ocrx_word' id='word_1_290' title='bbox 100 3148 219 3214; x_wconf 70' lang='lat' dir='ltr'><strong>petentes</strong></span> <span class='ocrx_word' id='word_1_291' title='bbox 238 3173 305 3213; x_wconf 89' lang='lat' dir='ltr'><strong>cum</strong></span> <span class='ocrx_word' id='word_1_292' title='bbox 324 3155 378 3213; x_wconf 90' lang='lat' dir='ltr'><strong>deo</strong></span> <span class='ocrx_word' id='word_1_293' title='bbox 398 3156 547 3214; x_wconf 89' lang='lat' dir='ltr'><strong>coniuncti</strong></span> <span class='ocrx_word' id='word_1_294' title='bbox 571 3156 632 3214; x_wconf 87' lang='lat' dir='ltr'><strong>sint</strong></span> <span class='ocrx_word' id='word_1_295' title='bbox 650 3155 816 3231; x_wconf 87' lang='lat' dir='ltr'><strong>quibusque</strong></span> <span class='ocrx_word' id='word_1_296' title='bbox 839 3157 926 3214; x_wconf 90' lang='lat' dir='ltr'><strong>rebus</strong></span> <span class='ocrx_word' id='word_1_297' title='bbox 946 3157 1047 3214; x_wconf 89' lang='lat' dir='ltr'><strong>allatis</strong></span> <span class='ocrx_word' id='word_1_298' title='bbox 1067 3175 1097 3215; x_wconf 89' lang='lat' dir='ltr'><strong>se</strong></span> <span class='ocrx_word' id='word_1_299' title='bbox 1115 3158 1257 3232; x_wconf 88' lang='lat' dir='ltr'><strong>impetra-</strong></span> 
     </span>
     <span class='ocr_line' id='line_1_32' title="bbox 99 3229 1258 3320; baseline 0.005 -24"><span class='ocrx_word' id='word_1_300' title='bbox 99 3229 170 3299; x_wconf 80' lang='lat' dir='ltr'><strong>turos</strong></span> <span class='ocrx_word' id='word_1_301' title='bbox 188 3262 262 3317; x_wconf 90' lang='lat' dir='ltr'><strong>esse,</strong></span> <span class='ocrx_word' id='word_1_302' title='bbox 285 3248 320 3302; x_wconf 93' lang='lat' dir='ltr'><strong>ut</strong></span> <span class='ocrx_word' id='word_1_303' title='bbox 343 3243 390 3302; x_wconf 89' lang='lat' dir='ltr'><strong>dei</strong></span> <span class='ocrx_word' id='word_1_304' title='bbox 414 3247 600 3319; x_wconf 89' lang='lat' dir='ltr'><strong>succurrant,</strong></span> <span class='ocrx_word' id='word_1_305' title='bbox 624 3247 750 3320; x_wconf 88' lang='lat' dir='ltr'><strong>sperent.</strong></span> <span class='ocrx_word' id='word_1_306' title='bbox 787 3245 894 3320; x_wconf 89' lang='lat' dir='ltr'><strong>Itaque</strong></span> <span class='ocrx_word' id='word_1_307' title='bbox 912 3244 1121 3304; x_wconf 84' lang='lat' dir='ltr'><strong>discernendae</strong></span> <span class='ocrx_word' id='word_1_308' title='bbox 1140 3247 1210 3303; x_wconf 89' lang='lat' dir='ltr'><strong>sunt</strong></span> <span class='ocrx_word' id='word_1_309' title='bbox 1227 3247 1258 3304; x_wconf 93' lang='lat' dir='ltr'><strong>et</strong></span> 
     </span>
     <span class='ocr_line' id='line_1_33' title="bbox 99 3332 1257 3409; baseline 0.002 -21"><span class='ocrx_word' id='word_1_310' title='bbox 99 3336 142 3382; x_wconf 63' lang='lat' dir='ltr'><strong>lae</strong></span> <span class='ocrx_word' id='word_1_311' title='bbox 164 3349 279 3407; x_wconf 87' lang='lat' dir='ltr'><strong>causae,</strong></span> <span class='ocrx_word' id='word_1_312' title='bbox 304 3351 381 3407; x_wconf 90' lang='lat' dir='ltr'><strong>quae</strong></span> <span class='ocrx_word' id='word_1_313' title='bbox 404 3335 482 3391; x_wconf 91' lang='lat' dir='ltr'><strong>inter</strong></span> <span class='ocrx_word' id='word_1_314' title='bbox 501 3333 569 3391; x_wconf 90' lang='lat' dir='ltr'><strong>deos</strong></span> <span class='ocrx_word' id='word_1_315' title='bbox 589 3335 619 3392; x_wconf 89' lang='lat' dir='ltr'><strong>et</strong></span> <span class='ocrx_word' id='word_1_316' title='bbox 640 3337 788 3408; x_wconf 87' lang='lat' dir='ltr'><strong>petentes,</strong></span> <span class='ocrx_word' id='word_1_317' title='bbox 812 3336 841 3392; x_wconf 90' lang='lat' dir='ltr'><strong>et</strong></span> <span class='ocrx_word' id='word_1_318' title='bbox 862 3353 926 3407; x_wconf 87' lang='lat' dir='ltr'><strong>eae,</strong></span> <span class='ocrx_word' id='word_1_319' title='bbox 948 3352 1023 3409; x_wconf 91' lang='lat' dir='ltr'><strong>quae</strong></span> <span class='ocrx_word' id='word_1_320' title='bbox 1042 3335 1121 3392; x_wconf 90' lang='lat' dir='ltr'><strong>inter</strong></span> <span class='ocrx_word' id='word_1_321' title='bbox 1139 3332 1208 3392; x_wconf 90' lang='lat' dir='ltr'><strong>deos</strong></span> <span class='ocrx_word' id='word_1_322' title='bbox 1228 3335 1257 3391; x_wconf 92' lang='lat' dir='ltr'><strong>et</strong></span> 
     </span>
     <span class='ocr_line' id='line_1_34' title="bbox 98 3415 1256 3499; baseline 0.001 -20"><span class='ocrx_word' id='word_1_323' title='bbox 98 3415 182 3479; x_wconf 75' lang='lat' dir='ltr'><strong>Petita</strong></span> <span class='ocrx_word' id='word_1_324' title='bbox 199 3421 391 3480; x_wconf 89' lang='lat' dir='ltr'><strong>intercedant.</strong></span> <span class='ocrx_word' id='word_1_325' title='bbox 431 3420 510 3491; x_wconf 83' lang='lat' dir='ltr'><strong>Quas</strong></span> <span class='ocrx_word' id='word_1_326' title='bbox 534 3423 559 3480; x_wconf 90' lang='lat' dir='ltr'><strong>si</strong></span> <span class='ocrx_word' id='word_1_327' title='bbox 583 3423 875 3499; x_wconf 86' lang='lat' dir='ltr'><strong>perlustraverimus,</strong></span> <span class='ocrx_word' id='word_1_328' title='bbox 900 3423 988 3499; x_wconf 87' lang='lat' dir='ltr'><strong>plane</strong></span> <span class='ocrx_word' id='word_1_329' title='bbox 1012 3441 1047 3481; x_wconf 88' lang='lat' dir='ltr'><strong>ac</strong></span> <span class='ocrx_word' id='word_1_330' title='bbox 1066 3421 1194 3480; x_wconf 89' lang='lat' dir='ltr'><strong>dilucide</strong></span> <span class='ocrx_word' id='word_1_331' title='bbox 1212 3422 1256 3480; x_wconf 91' lang='lat' dir='ltr'><strong>in·</strong></span> 
     </span>
     <span class='ocr_line' id='line_1_35' title="bbox 97 3506 1256 3587; baseline 0.006 -27"><span class='ocrx_word' id='word_1_332' title='bbox 97 3506 236 3569; x_wconf 79' lang='lat' dir='ltr'><strong>veniemus</strong></span> <span class='ocrx_word' id='word_1_333' title='bbox 273 3510 442 3568; x_wconf 90' lang='lat' dir='ltr'><strong>rudimenta</strong></span> <span class='ocrx_word' id='word_1_334' title='bbox 474 3510 557 3569; x_wconf 88' lang='lat' dir='ltr'><strong>illius</strong></span> <span class='ocrx_word' id='word_1_335' title='bbox 589 3512 738 3586; x_wconf 89' lang='lat' dir='ltr'><strong>opinionis</strong></span> <span class='ocrx_word' id='word_1_336' title='bbox 773 3512 914 3587; x_wconf 89' lang='lat' dir='ltr'><strong>praebere</strong></span> <span class='ocrx_word' id='word_1_337' title='bbox 946 3511 1073 3569; x_wconf 87' lang='lat' dir='ltr'><strong>formam</strong></span> <span class='ocrx_word' id='word_1_338' title='bbox 1108 3511 1256 3586; x_wconf 88' lang='lat' dir='ltr'><strong>pactionis</strong></span> 
     </span>
     <span class='ocr_line' id='line_1_36' title="bbox 98 3589 1258 3676; baseline 0.005 -25"><span class='ocrx_word' id='word_1_339' title='bbox 98 3589 240 3656; x_wconf 73' lang='lat' dir='ltr'><strong>Guiusdam</strong></span> <span class='ocrx_word' id='word_1_340' title='bbox 267 3600 347 3657; x_wconf 89' lang='lat' dir='ltr'><strong>inter</strong></span> <span class='ocrx_word' id='word_1_341' title='bbox 373 3599 505 3658; x_wconf 87' lang='lat' dir='ltr'><strong>homines</strong></span> <span class='ocrx_word' id='word_1_342' title='bbox 534 3600 564 3657; x_wconf 91' lang='lat' dir='ltr'><strong>et</strong></span> <span class='ocrx_word' id='word_1_343' title='bbox 592 3600 661 3659; x_wconf 88' lang='lat' dir='ltr'><strong>deos</strong></span> <span class='ocrx_word' id='word_1_344' title='bbox 688 3600 795 3674; x_wconf 88' lang='lat' dir='ltr'><strong>initae,</strong></span> <span class='ocrx_word' id='word_1_345' title='bbox 823 3619 882 3676; x_wconf 90' lang='lat' dir='ltr'><strong>qua</strong></span> <span class='ocrx_word' id='word_1_346' title='bbox 910 3600 981 3658; x_wconf 87' lang='lat' dir='ltr'><strong>deus</strong></span> <span class='ocrx_word' id='word_1_347' title='bbox 1005 3599 1103 3659; x_wconf 89' lang='lat' dir='ltr'><strong>officio</strong></span> <span class='ocrx_word' id='word_1_348' title='bbox 1129 3599 1258 3675; x_wconf 91' lang='lat' dir='ltr'><strong>quodam</strong></span> 
     </span>
     <span class='ocr_line' id='line_1_37' title="bbox 97 3672 1257 3765; baseline 0.001 -21"><span class='ocrx_word' id='word_1_349' title='bbox 97 3672 238 3761; x_wconf 79' lang='lat' dir='ltr'><strong>obligatur</strong></span> <span class='ocrx_word' id='word_1_350' title='bbox 257 3687 341 3746; x_wconf 89' lang='lat' dir='ltr'><strong>donis</strong></span> <span class='ocrx_word' id='word_1_351' title='bbox 360 3690 449 3747; x_wconf 89' lang='lat' dir='ltr'><strong>antea</strong></span> <span class='ocrx_word' id='word_1_352' title='bbox 468 3688 605 3764; x_wconf 88' lang='lat' dir='ltr'><strong>acceptis,</strong></span> <span class='ocrx_word' id='word_1_353' title='bbox 623 3689 658 3746; x_wconf 90' lang='lat' dir='ltr'><strong>ut</strong></span> <span class='ocrx_word' id='word_1_354' title='bbox 677 3691 831 3765; x_wconf 85' lang='lat' dir='ltr'><strong>precantes</strong></span> <span class='ocrx_word' id='word_1_355' title='bbox 850 3689 954 3747; x_wconf 88' lang='lat' dir='ltr'><strong>audiat</strong></span> <span class='ocrx_word' id='word_1_356' title='bbox 974 3707 1135 3763; x_wconf 90' lang='lat' dir='ltr'><strong>eorumque</strong></span> <span class='ocrx_word' id='word_1_357' title='bbox 1156 3706 1257 3763; x_wconf 89' lang='lat' dir='ltr'><strong>preces</strong></span> 
     </span>
     <span class='ocr_line' id='line_1_38' title="bbox 97 3773 1256 3853; baseline 0.002 -23"><span class='ocrx_word' id='word_1_358' title='bbox 97 3773 217 3849; x_wconf 72' lang='lat' dir='ltr'><strong>expleat,</strong></span> <span class='ocrx_word' id='word_1_359' title='bbox 240 3779 395 3851; x_wconf 89' lang='lat' dir='ltr'><strong>tamquam</strong></span> <span class='ocrx_word' id='word_1_360' title='bbox 417 3778 442 3834; x_wconf 91' lang='lat' dir='ltr'><strong>si</strong></span> <span class='ocrx_word' id='word_1_361' title='bbox 465 3776 567 3836; x_wconf 86' lang='lat' dir='ltr'><strong>foedus</strong></span> <span class='ocrx_word' id='word_1_362' title='bbox 590 3778 704 3835; x_wconf 88' lang='lat' dir='ltr'><strong>factum</strong></span> <span class='ocrx_word' id='word_1_363' title='bbox 727 3778 778 3852; x_wconf 93' lang='lat' dir='ltr'><strong>sit,</strong></span> <span class='ocrx_word' id='word_1_364' title='bbox 802 3778 834 3834; x_wconf 90' lang='lat' dir='ltr'><strong>in</strong></span> <span class='ocrx_word' id='word_1_365' title='bbox 859 3796 916 3853; x_wconf 92' lang='lat' dir='ltr'><strong>quo</strong></span> <span class='ocrx_word' id='word_1_366' title='bbox 936 3796 1055 3836; x_wconf 89' lang='lat' dir='ltr'><strong>manere</strong></span> <span class='ocrx_word' id='word_1_367' title='bbox 1073 3777 1125 3834; x_wconf 90' lang='lat' dir='ltr'><strong>ille</strong></span> <span class='ocrx_word' id='word_1_368' title='bbox 1144 3775 1256 3835; x_wconf 87' lang='lat' dir='ltr'><strong>debeat.</strong></span> 
     </span>
     <span class='ocr_line' id='line_1_39' title="bbox 95 3845 1256 3941; baseline 0.003 -22"><span class='ocrx_word' id='word_1_369' title='bbox 95 3845 186 3935; x_wconf 63' lang='lat' dir='ltr'><strong>Atque</strong></span> <span class='ocrx_word' id='word_1_370' title='bbox 204 3865 259 3922; x_wconf 89' lang='lat' dir='ltr'><strong>illa</strong></span> <span class='ocrx_word' id='word_1_371' title='bbox 278 3864 424 3923; x_wconf 89' lang='lat' dir='ltr'><strong>sententia</strong></span> <span class='ocrx_word' id='word_1_372' title='bbox 444 3865 619 3941; x_wconf 84' lang='lat' dir='ltr'><strong>exprimitur</strong></span> <span class='ocrx_word' id='word_1_373' title='bbox 637 3866 774 3924; x_wconf 89' lang='lat' dir='ltr'><strong>formulis</strong></span> <span class='ocrx_word' id='word_1_374' title='bbox 794 3860 904 3925; x_wconf 89' lang='grc' dir='ltr'>είπου</span> <span class='ocrx_word' id='word_1_375' title='bbox 924 3861 997 3936; x_wconf 85' lang='grc' dir='ltr'><strong>ἐγὼ</strong></span> <span class='ocrx_word' id='word_1_376' title='bbox 1017 3911 1023 3923; x_wconf 93' lang='grc'><strong>.</strong></span> <span class='ocrx_word' id='word_1_377' title='bbox 1040 3911 1068 3924; x_wconf 93' lang='grc'><strong>..</strong></span> <span class='ocrx_word' id='word_1_378' title='bbox 1088 3863 1147 3924; x_wconf 82' lang='grc' dir='ltr'><strong>νῦν</strong></span> <span class='ocrx_word' id='word_1_379' title='bbox 1167 3861 1203 3924; x_wconf 90' lang='grc' dir='ltr'><strong>ςύ</strong></span> <span class='ocrx_word' id='word_1_380' title='bbox 1214 3911 1220 3923; x_wconf 95' lang='grc'><strong>.</strong></span> <span class='ocrx_word' id='word_1_381' title='bbox 1232 3910 1256 3923; x_wconf 93' lang='grc'><strong>..</strong></span> 
     </span>
    </p>
   </div>
   <div class='ocr_carea' id='block_1_5' title="bbox 92 3941 1259 4458">
    <p class='ocr_par' dir='ltr' id='par_1_5' title="bbox 93 3941 1258 4064">
     <span class='ocr_line' id='line_1_40' title="bbox 93 3941 1258 4064; baseline 0 -53"><span class='ocrx_word' id='word_1_382' title='bbox 93 3941 325 4064; x_wconf 56' lang='lat' dir='ltr'><strong>Qn</strong></span> <span class='ocrx_word' id='word_1_383' title='bbox 340 3954 519 4013; x_wconf 88' lang='lat' dir='ltr'><strong>carminibus</strong></span> <span class='ocrx_word' id='word_1_384' title='bbox 529 3945 732 4035; x_wconf 64' lang='lat' dir='ltr'><strong>Homericisl)</strong></span> <span class='ocrx_word' id='word_1_385' title='bbox 755 3953 897 4012; x_wconf 86' lang='lat' dir='ltr'><strong>Attamen</strong></span> <span class='ocrx_word' id='word_1_386' title='bbox 911 3954 1126 4029; x_wconf 88' lang='lat' dir='ltr'><strong>posterioribus</strong></span> <span class='ocrx_word' id='word_1_387' title='bbox 1141 3971 1258 4029; x_wconf 91' lang='lat' dir='ltr'><strong>quoque</strong></span> 
     </span>
    </p>

    <p class='ocr_par' dir='ltr' id='par_1_6' title="bbox 92 4104 1259 4458">
     <span class='ocr_line' id='line_1_41' title="bbox 178 4104 1257 4176; baseline 0 -19"><span class='ocrx_word' id='word_1_388' title='bbox 178 4111 191 4157; x_wconf 94' lang='lat'>1</span> <span class='ocrx_word' id='word_1_389' title='bbox 222 4104 258 4158; x_wconf 87' lang='lat' dir='ltr'><strong>cf.</strong></span> <span class='ocrx_word' id='word_1_390' title='bbox 281 4105 402 4176; x_wconf 71' lang='lat' dir='ltr'><strong>Partbcy</strong></span> <span class='ocrx_word' id='word_1_391' title='bbox 430 4105 467 4158; x_wconf 89' lang='lat' dir='ltr'><strong>ad</strong></span> <span class='ocrx_word' id='word_1_392' title='bbox 489 4106 516 4158; x_wconf 94' lang='lat' dir='ltr'><strong>h.</strong></span> <span class='ocrx_word' id='word_1_393' title='bbox 535 4105 554 4159; x_wconf 93' lang='lat' dir='ltr'><strong>l.</strong></span> <span class='ocrx_word' id='word_1_394' title='bbox 573 4106 649 4160; x_wconf 84' lang='lat' dir='ltr'><strong>Berl.</strong></span> <span class='ocrx_word' id='word_1_395' title='bbox 669 4105 939 4176; x_wconf 73' lang='lat' dir='ltr'><strong>Sitauaqs-Bcricttc</strong></span> <span class='ocrx_word' id='word_1_396' title='bbox 957 4107 1032 4158; x_wconf 86' lang='grc'>1865</span> <span class='ocrx_word' id='word_1_397' title='bbox 1051 4105 1121 4173; x_wconf 77' lang='lat' dir='ltr'><strong>phil.</strong></span> <span class='ocrx_word' id='word_1_398' title='bbox 1140 4105 1201 4159; x_wconf 83' lang='lat' dir='ltr'><strong>bist.</strong></span> <span class='ocrx_word' id='word_1_399' title='bbox 1225 4105 1257 4159; x_wconf 84' lang='lat' dir='ltr'><strong>el.</strong></span> 
     </span>
     <span class='ocr_line' id='line_1_42' title="bbox 92 4173 1259 4316; baseline 0 -17"><span class='ocrx_word' id='word_1_400' title='bbox 92 4173 120 4224; x_wconf 32' lang='lat' dir='ltr'><strong>p·</strong></span> <span class='ocrx_word' id='word_1_401' title='bbox 135 4178 269 4316; x_wconf 56' lang='grc' dir='ltr'>Μῦνίὸίλο</span> <span class='ocrx_word' id='word_1_402' title='bbox 286 4245 331 4300; x_wconf 92' lang='lat' dir='ltr'><strong>his</strong></span> <span class='ocrx_word' id='word_1_403' title='bbox 346 4246 481 4316; x_wconf 86' lang='lat' dir='ltr'><strong>exemplis</strong></span> <span class='ocrx_word' id='word_1_404' title='bbox 495 4246 569 4300; x_wconf 89' lang='lat' dir='ltr'><strong>infra</strong></span> <span class='ocrx_word' id='word_1_405' title='bbox 583 4247 784 4315; x_wconf 85' lang='lat' dir='ltr'><strong>persequendis</strong></span> <span class='ocrx_word' id='word_1_406' title='bbox 799 4246 833 4301; x_wconf 87' lang='lat' dir='ltr'><strong>cf.</strong></span> <span class='ocrx_word' id='word_1_407' title='bbox 848 4247 1035 4316; x_wconf 71' lang='lat' dir='ltr'><strong>Naegelsbach</strong></span> <span class='ocrx_word' id='word_1_408' title='bbox 1048 4246 1086 4300; x_wconf 88' lang='grc' dir='ltr'><strong>Η.</strong></span> <span class='ocrx_word' id='word_1_409' title='bbox 1101 4246 1149 4300; x_wconf 80' lang='lat' dir='ltr'><strong>Tb.</strong></span> <span class='ocrx_word' id='word_1_410' title='bbox 1164 4263 1191 4314; x_wconf 86' lang='lat' dir='ltr'><strong>p.</strong></span> <span class='ocrx_word' id='word_1_411' title='bbox 1207 4251 1259 4299; x_wconf 76' lang='lat'><strong>215</strong></span> 
     </span>
     <span class='ocr_line' id='line_1_43' title="bbox 95 4307 1258 4388; baseline 0.004 -19"><span class='ocrx_word' id='word_1_412' title='bbox 95 4307 123 4360; x_wconf 64' lang='grc' dir='ltr'><strong>θλ</strong></span> <span class='ocrx_word' id='word_1_413' title='bbox 145 4316 229 4371; x_wconf 89' lang='lat' dir='ltr'><strong>editio</strong></span> <span class='ocrx_word' id='word_1_414' title='bbox 257 4318 321 4372; x_wconf 86' lang='lat' dir='ltr'><strong>tert.</strong></span> <span class='ocrx_word' id='word_1_415' title='bbox 346 4318 381 4371; x_wconf 95' lang='lat' dir='ltr'><strong>ab</strong></span> <span class='ocrx_word' id='word_1_416' title='bbox 400 4319 564 4372; x_wconf 78' lang='lat' dir='ltr'><strong>Aatbcwrict</strong></span> <span class='ocrx_word' id='word_1_417' title='bbox 587 4319 877 4388; x_wconf 79' lang='lat' dir='ltr'><strong>curatap.1a&#39;1sqq.‚</strong></span> <span class='ocrx_word' id='word_1_418' title='bbox 895 4317 946 4371; x_wconf 90' lang='lat' dir='ltr'><strong>ubi</strong></span> <span class='ocrx_word' id='word_1_419' title='bbox 968 4317 998 4373; x_wconf 89' lang='lat' dir='ltr'><strong>in</strong></span> <span class='ocrx_word' id='word_1_420' title='bbox 1023 4316 1179 4386; x_wconf 83' lang='lat' dir='ltr'><strong>appendice</strong></span> <span class='ocrx_word' id='word_1_421' title='bbox 1200 4319 1258 4374; x_wconf 86' lang='lat' dir='ltr'><strong>not.</strong></span> 
     </span>
     <span class='ocr_line' id='line_1_44' title="bbox 96 4378 977 4458; baseline 0.007 -20"><span class='ocrx_word' id='word_1_422' title='bbox 96 4378 143 4437; x_wconf 77' lang='lat'><strong>145</strong></span> <span class='ocrx_word' id='word_1_423' title='bbox 161 4403 193 4441; x_wconf 85' lang='lat' dir='ltr'><strong>ex</strong></span> <span class='ocrx_word' id='word_1_424' title='bbox 212 4388 332 4443; x_wconf 88' lang='lat' dir='ltr'><strong>aliarum</strong></span> <span class='ocrx_word' id='word_1_425' title='bbox 350 4389 478 4458; x_wconf 87' lang='lat' dir='ltr'><strong>gentium</strong></span> <span class='ocrx_word' id='word_1_426' title='bbox 496 4387 620 4443; x_wconf 85' lang='lat' dir='ltr'><strong>moribus</strong></span> <span class='ocrx_word' id='word_1_427' title='bbox 638 4389 802 4444; x_wconf 89' lang='lat' dir='ltr'><strong>testimonia</strong></span> <span class='ocrx_word' id='word_1_428' title='bbox 815 4388 977 4444; x_wconf 83' lang='lat' dir='ltr'><strong>laudantur.</strong></span> 
     </span>
    </p>
   </div>
   <div class='ocr_carea' id='block_1_6' title="bbox 0 0 1384 4876">
    <p class='ocr_par' dir='ltr' id='par_1_7' title="bbox 0 0 1384 4876">
     <span class='ocr_line' id='line_1_45' title="bbox 0 0 1384 4876; baseline 0 0"><span class='ocrx_word' id='word_1_429' title='bbox 0 0 1384 4876; x_wconf 95' lang='lat' dir='ltr'><strong> </strong></span> 
     </span>
    </p>
   </div>
  </div>
 </body>
</html>
