2760 4876
116 232 181 296 506
568 229 683 285 Carolus
701 229 832 286 Ausfold:

115 420 211 476 neque
229 401 330 460 omnia
348 419 504 477 congerere
522 401 621 475 potui3
644 400 747 474 itaque
770 415 819 457 eas
838 400 1026 475 potissimum
1044 416 1158 474 preces,
1181 397 1289 474 quibus

114 492 224 548 natura
247 508 282 548 ac
307 490 412 566 religio
437 491 578 563 cuiusque
602 488 709 547 aetatis
732 487 891 563 praecipue
913 488 1096 559 illustratur,
1123 489 1289 562 privatas

116 579 195 652 dico,
213 579 385 652 perquirere
404 579 527 637 conatus
547 595 624 652 sum,
649 595 725 651 quae
744 575 863 651 quidem
880 578 1031 636 immissae
1050 577 1110 634 sint
1131 576 1290 652 dialogis

116 671 305 743 poetarum
323 667 546 744 tragicorum
565 667 599 724 et
618 666 840 724 comicorum.
874 665 974 741 Atque
992 666 1027 723 ut
1046 683 1191 740 exponam
1208 663 1291 721 rudi-

117 757 219 814 menta
238 757 411 830 opinionum
434 755 609 830 plerumque
627 754 763 813 formulis
788 753 980 813 sollemnibus
1004 755 1135 828 servata,
1158 755 1291 830 magicas

117 863 219 920 preces
239 843 362 902 adhibui
381 846 467 919 quasi
485 843 726 917 fundamentum,
745 843 850 901 deinde
868 842 1044 901 Homericae
1064 843 1170 902 aetatis
1189 860 1292 917 preces

119 933 227 1008 collegi
246 935 276 991 et
295 952 371 1007 quae
388 935 582 991 inveniuntur
603 934 635 989 in
653 931 789 1005 Pindari,
812 931 1002 1006 Bacchylidis
1024 931 1209 1006 aliorumque
1228 949 1293 988 car-

118 1020 248 1079 minibus
262 1023 392 1080 insertae
406 1040 506 1096 preces
517 1053 558 1061 —
568 1021 687 1096 hymnis
703 1021 840 1096 exceptis.
866 1020 1007 1097 Tragicos
1022 1021 1208 1095 comicosque
1222 1038 1293 1095 poe-

118 1112 165 1169 tas
182 1112 386 1186 perscrutatus
405 1129 469 1169 sum
485 1111 643 1184 omniaque
660 1111 797 1185 exempla
816 1110 990 1167 eximiarum
1008 1127 1130 1184 precum
1148 1109 1294 1184 congessi,

121 1202 210 1274 atque
236 1217 270 1256 ex
298 1198 508 1258 historicorum
540 1199 658 1274 scriptis
686 1199 768 1257 illius
801 1197 909 1257 aetatis
941 1197 1084 1256 nonnulla
1116 1199 1293 1273 conquisivi.

118 1288 219 1362 Atque
237 1292 271 1344 ut
290 1287 459 1362 explanem,
484 1307 557 1363 quas
576 1286 614 1344 ad
632 1289 759 1345 maiores
779 1290 809 1346 et
826 1288 1010 1346 honestiores
1029 1288 1204 1358 sententias,
1223 1285 1295 1344 inde

119 1395 137 1433 a
166 1377 270 1452 quinto
298 1377 417 1435 saeculo
440 1378 575 1454 vigentes
603 1377 633 1434 et
660 1377 768 1434 sensim
793 1377 824 1433 in
853 1394 954 1451 preces
981 1377 1159 1450 irrepentes,
1188 1374 1296 1434 Graeci

119 1468 253 1541 petentes
272 1468 472 1540 pervenerint,
491 1469 583 1540 utque
597 1483 759 1541 persequar
775 1483 904 1524 summas
919 1466 1072 1541 opiniones
1087 1465 1294 1541 gravissimas-

120 1572 177 1628 que
195 1572 289 1628 usque
308 1552 346 1611 ad
364 1572 466 1627 preces
481 1556 666 1627 christianas,
685 1556 816 1613 rationes
831 1555 862 1612 et
880 1553 1029 1612 doctrinas
1048 1553 1294 1629 philosophorum

119 1643 265 1716 imprimis
290 1641 459 1701 Socraticae
488 1644 608 1714 aetatis,
636 1641 841 1715 Xenophontis
862 1642 1012 1715 Platonis,
1041 1641 1136 1700 adieci
1159 1643 1189 1700 et
1218 1661 1295 1716 quae

119 1731 194 1788 mihi
213 1730 347 1804 exempla
366 1749 401 1788 ex
421 1728 588 1789 Stoicorum
607 1729 743 1787 doctrina
761 1728 962 1802 occurrebant,
981 1729 1111 1786 adhibui.

210 1818 267 1876 Sed
284 1821 459 1894 priusquam
478 1817 516 1875 ad
533 1819 734 1891 precationem
753 1819 849 1892 ipsam
867 1816 1130 1894 transgrediamur,
1149 1819 1296 1878 nonnulla

120 1905 292 1982 exponenda
310 1909 381 1966 sunt
401 1907 438 1965 de
460 1907 617 1983 generibus
638 1908 852 1981 precationum,
876 1905 912 1965 de
930 1907 1081 1964 occasione
1106 1908 1196 1981 atque
1219 1910 1295 1966 tem-

119 2014 191 2071 pore
209 1995 364 2070 precandi,
385 1995 421 2054 de
440 1995 497 2053 diis
516 1997 663 2068 imprimis
683 1995 847 2067 advocatis,
871 1995 907 2053 de
930 2014 985 2054 usu
1003 1993 1124 2069 rituque
1142 1996 1293 2070 precandi.

120 2082 307 2158 Quamquam
326 2082 361 2141 de
379 2083 425 2142 his
444 2084 632 2158 potissimum
651 2080 738 2140 rebus
758 2081 794 2139 ab
812 2083 860 2155 iis,
879 2084 931 2158 qui
950 2083 986 2141 de
1000 2081 1181 2142 Graecorum
1199 2088 1294 2159 preci-

119 2172 174 2232 bus
192 2171 381 2249 <generaliter
408 2171 623 2242 disseruerunt,
650 2169 744 2229 fusius
772 2173 872 2229 actum
900 2175 957 2246 est,
980 2173 1080 2230 tamen
1110 2174 1252 2249 exemplis
1276 2193 1293 2233 a

120 2279 168 2319 me
186 2261 319 2320 collectis
338 2260 532 2334 praefationis
552 2260 642 2332 atque
657 2260 848 2334 expositionis
863 2279 953 2318 causa
968 2259 1064 2319 denuo
1078 2261 1147 2321 illas
1161 2264 1293 2322 rationes

121 2349 269 2426 colligere,
288 2349 498 2421 demonstrare,
518 2347 682 2421 emendare,
702 2367 810 2425 augere
824 2349 934 2422 studui,
952 2351 986 2408 ut
1000 2368 1043 2426 ea,
1059 2368 1135 2424 quae
1150 2351 1186 2409 de
1200 2353 1293 2427 preci·

120 2437 176 2497 bus
198 2439 271 2514 ipsis
295 2455 452 2512 exponam,
476 2455 510 2494 eo
534 2436 643 2495 clarius
665 2435 801 2513 intellegi
821 2439 944 2511 possint.
981 2437 1047 2496 Iam
1070 2457 1140 2498 vero
1163 2442 1294 2515 primum

122 2524 242 2601 quidem
259 2542 356 2599 pauca
373 2527 601 2600 praemittamus
616 2525 870 2600 deprecationum
886 2524 1049 2603 generibus.
1078 2527 1294 2587 Discernuntur

121 2615 218 2691 primo
237 2612 343 2671 obtutu
357 2631 467 2688 preces,
487 2632 562 2687 quae
577 2631 643 2671 cum
658 2615 774 2672 actione
788 2615 917 2690 quadam
931 2633 1015 2674 sacra
1030 2618 1210 2688 coniunctae,
1225 2634 1291 2674 cum

122 2702 286 2775 sacrifieiis,
314 2699 508 2761 libationibus
537 2702 876 2778 cet.,rpronuntiantur,
901 2704 994 2762 ferme
1021 2704 1170 2780 publicae,
1192 2722 1291 2762 coram

122 2793 206 2850 coetu
234 2788 364 2864 quodam
393 2790 429 2850 ab
456 2810 516 2849 uno
544 2791 655 2866 dictae3
687 2791 768 2850 aliud
797 2811 888 2868 genus
918 2796 963 2852 est
989 2795 1189 2869 privatarum,
1218 2812 1295 2868 quae

121 2878 264 2954 temporis
283 2883 433 2939 momento
451 2881 643 2955 postulantur
661 2898 795 2955 quaeque
809 2881 872 2939 sine
886 2881 950 2940 ulla
965 2882 1087 2954 actione,
1107 2899 1299 2956 quocumque

121 2969 192 3027 sunt
205 2967 279 3041 loco,
295 2968 333 3026 ad
347 2968 417 3026 deos
431 2969 599 3025 mittuntur.
630 2966 687 3025 Sed
702 2986 768 3026 cum
782 2969 862 3027 haud
876 2989 992 3045 semper
1007 2971 1144 3028 accurate
1158 2967 1307 3030 diversae

122 3055 193 3114 illae
211 3057 342 3115 rationes
362 3056 507 3133 distingui
524 3058 654 3131 possint,
676 3058 806 3131 primum
829 3061 993 3133 sequantur
1011 3058 1146 3133 exempla
1164 3077 1308 3134 precum,

122 3147 157 3203 ut
173 3145 219 3203 ita
237 3143 343 3218 dicam,
362 3145 565 3219 ritualium,
585 3145 691 3204 deinde
709 3164 819 3219 earum,
838 3166 915 3221 quae
933 3148 1009 3205 sine
1028 3148 1172 3205 actione
1191 3166 1313 3207 sacra.

123 3231 327 3292 effundunturx
845 3264 848 3268 ⁸

212 3321 247 3378 Il.
267 3321 282 3378 I
302 3322 380 3379 4511
409 3319 535 3396 Chryses
562 3320 654 3381 verba
685 3321 759 3380 facit
790 3325 822 3381 in
850 3323 993 3382 sacrificio
1021 3322 1158 3398 Apollini
1185 3324 1316 3384 oblato.

168 3409 292 3469 11412:
310 3408 516 3488 Agamemnon
534 3410 600 3469 lovi
617 3411 723 3470 bovem
743 3412 911 3472 sacrificans
929 3414 1076 3487 precatur.
1105 3411 1246 3471 111276:
1265 3416 1317 3471 in

167 3500 231 3556 iure
249 3499 375 3559 iurando
399 3498 584 3558 sacrificatur
601 3501 691 3574 atque
710 3500 758 3557 dei
782 3500 818 3560 ab
839 3500 1063 3574 Agamemnone
1085 3501 1317 3576 implorantur.

168 3587 211 3644 VI
223 3589 300 3646 305:
315 3587 435 3665 Theano
445 3587 581 3646 Athenae
590 3590 799 3667 vestimentum
809 3588 947 3648 dedicans
959 3606 1061 3664 preces
1072 3589 1205 3648 effundit.
1225 3585 1320 3647 XVI

170 3678 247 3736 233:
262 3676 393 3735 Achilles
403 3675 540 3735 Patroclo
549 3678 582 3734 in
593 3696 711 3754 pugnae
721 3678 880 3737 discrimen
889 3677 979 3738 misso
988 3677 1091 3737 Iovem
1100 3680 1291 3753 imprecatur

169 3785 195 3823 v.
213 3767 274 3825 231
297 3761 370 3825 crde
394 3761 476 3843 μέεῳ
501 3760 592 3838 ἕρκεϊ,
612 3764 696 3840 λεῖβε
720 3763 756 3826 δὲ
780 3760 872 3827 οἶνον,
890 3762 1033 3840 οὐρανὸν
1055 3761 1235 3837 siccatam
1261 3787 1277 3828 c

169 3853 231 3912 alia
244 3853 368 3917 similias
382 3853 452 3912 XIX
468 3854 540 3912 258.
556 3853 653 3912 XXIV
669 3855 746 3930 3083
761 3854 864 3930 Odyss.
879 3855 926 3918 ΙΠ
942 3857 992 3915 55.
1007 3855 1051 3912 IV
1068 3856 1144 3934 7623
1158 3854 1276 3933 Aeschy

170 3940 298 4018 Ghoeph.
318 3933 413 4022 (165)
440 3943 516 4016 125,
543 3941 595 4001 ubi
617 3942 737 4002 Electra
760 3945 841 4019 patri
862 3946 981 4003 mortuo
1004 3943 1179 4003 libationem
1202 3945 1274 4004 offer

169 4049 196 4088 v.
209 4031 249 4087 47
254 4032 271 4088 9
288 4031 453 4088 orationem
467 4031 552 4089 illam
562 4031 599 4089 ab
611 4029 714 4090 Oreste
725 4034 755 4090 et
766 4032 885 4091 Electra
894 4033 925 4089 in
936 4033 1031 4106 patris
1041 4033 1156 4090 tumulo
1166 4052 1272 4107 pronai

170 4119 278 4177 tiatam
293 4112 343 4196 (cf.
354 4119 456 4192 Eurip.
467 4119 512 4176 El.
524 4121 597 4193 671,
612 4112 705 4179 Orest.
719 4112 826 4188 1225).
851 4120 1006 4179 Pertinent
1019 4120 1057 4178 ad
1071 4121 1124 4179 has
1138 4140 1250 4196 preces,
1264 4143 1270 4179 ι

169 4209 214 4265 ita
228 4207 333 4281 dicam,
347 4208 470 4267 rituales
480 4208 571 4266 verba
581 4208 617 4267 ab
629 4206 732 4267 Oreste
741 4210 773 4266 in
783 4209 894 4284 templo
904 4208 1040 4268 Athenae
1051 4210 1143 4269 facta:
1158 4209 1269 4286 Aeschp

170 4294 254 4353 Eum.
265 4297 397 4371 235sqq.
414 4299 443 4355 et
456 4299 534 4372 2873
547 4299 701 4373 praeterea
716 4298 906 4356 conferantur
919 4317 1021 4374 preces
1032 4298 1111 4374 apud
1121 4296 1267 4374 Sophocle

170 4382 459 4444 laudatae:E1.634.
469 4385 776 4462 lnEuripidisfabulis
784 4388 903 4464 egregia
911 4389 980 4447 sunt
989 4387 1264 4465 exempla2He0.53
